Branch_ID,Dealer_ID,Model_ID,Revenue,Units_Sold,Date_ID,Date,Month,Branch Name,Dealer Name ,Country_ID,Product_Name,Country_Name
BR0001,DLR0001,BMW-M1,13363978,2,DT00001,1/1/2017,01,AC Cars Motors,AC Cars Motors,CNTR001,BMW, Afghanistan
BR0011,DLR0002,BMW-M2,19979446,2,DT00002,1/2/2017,01,Acura Motors,Acura Motors,CNTR002,BMW, Akrotiri and Dhekelia (UK)
BR0021,DLR0004,BMW-M4,18118773,3,DT00003,1/3/2017,01,Aixam-Mega (including Arola) Motors,Aixam-Mega (including Arola) Motors,CNTR003,BMW, Åland Islands (Finland)
BR0031,DLR0005,BMW-M5,12322500,3,DT00004,1/4/2017,01,Alfa Romeo Motors,Alfa Romeo Motors,CNTR004,BMW, Albania
BR0041,DLR0006,Mer-M6,1196976,1,DT00005,1/5/2017,01,Alpine Motors,Alpine Motors,CNTR005,BMW, Algeria
BR0051,DLR0007,Mer-M7,28254609,3,DT00006,1/6/2017,01,Alvis Motors,Alvis Motors,CNTR006,Mercedes-Benz, American Samoa (US)
BR0061,DLR0008,Mer-M8,6083151,1,DT00007,1/7/2017,01,"AMC, Eagle Motors","AMC, Eagle Motors",CNTR007,Mercedes-Benz, Andorra
BR0071,DLR0009,Dod-M9,24665256,3,DT00008,1/8/2017,01,Anadol Motors,Anadol Motors,CNTR008,Mercedes-Benz, Angola
BR0081,DLR0011,Jee-M11,8534145,3,DT00009,1/9/2017,01,Ariel Motors,Ariel Motors,CNTR009,Dodge, Anguilla (UK)
BR0091,DLR0012,Jee-M12,24760575,3,DT00010,1/10/2017,01,ARO Motors,ARO Motors,CNTR010,Jeep, Antigua and Barbuda
BR0101,DLR0013,Jee-M13,3450696,1,DT00011,1/11/2017,01,Artega Motors,Artega Motors,CNTR011,Jeep, Argentina
BR0111,DLR0016,For-M16,20974905,3,DT00012,1/12/2017,01,Asia Motors Motors,Asia Motors Motors,CNTR012,Jeep, Armenia
BR0121,DLR0017,For-M17,2221530,1,DT00013,1/13/2017,01,Aston Martin Motors,Aston Martin Motors,CNTR013,Jeep, Artsakh
BR0131,DLR0018,For-M18,11329482,3,DT00014,1/14/2017,01,Audi Motors,Audi Motors,CNTR014,Ram, Aruba (Netherlands)
BR0141,DLR0019,For-M19,7053423,3,DT00015,1/15/2017,01,Autobianchi Motors,Autobianchi Motors,CNTR015,Ram, Australia
BR0151,DLR0020,For-M20,28232232,3,DT00016,1/16/2017,01,Auto-Union Motors,Auto-Union Motors,CNTR016,Ford, Austria
BR0161,DLR0022,For-M22,5440414,1,DT00017,1/17/2017,01,Auverland Motors,Auverland Motors,CNTR017,Ford, Azerbaijan
BR0171,DLR0023,For-M23,4988693,1,DT00018,1/18/2017,01,Bentley Motors,Bentley Motors,CNTR018,Ford, Bahamas
BR0181,DLR0024,For-M24,7900452,1,DT00019,1/19/2017,01,Bitter Motors,Bitter Motors,CNTR019,Ford, Bahrain
BR0191,DLR0026,For-M26,6866014,2,DT00020,1/20/2017,01,BMW Motors,BMW Motors,CNTR020,Ford, Bangladesh
BR0201,DLR0028,Lin-M28,6197509,1,DT00021,1/21/2017,01,Bond Motors,Bond Motors,CNTR021,Ford, Barbados
BR0211,DLR0030,Lin-M30,16295156,2,DT00022,1/22/2017,01,Borgward (including Goliath and Lloyd) Motors,Borgward (including Goliath and Lloyd) Motors,CNTR022,Ford, Belarus
BR0221,DLR0031,Bui-M31,6873658,1,DT00023,1/23/2017,01,Bristol Motors,Bristol Motors,CNTR023,Ford, Belgium
BR0231,DLR0032,Cad-M32,5221738,1,DT00024,1/24/2017,01,British Leyland Motors,British Leyland Motors,CNTR024,Ford, Belize
BR0241,DLR0033,Cad-M33,3001169,1,DT00025,1/25/2017,01,Austin-Healey Motors,Austin-Healey Motors,CNTR025,Ford, Benin
BR0251,DLR0034,Cad-M34,19425790,2,DT00026,1/26/2017,01,"Austin, Rover Motors","Austin, Rover Motors",CNTR026,Ford, Bermuda (UK)
BR0261,DLR0035,Cad-M35,15268707,3,DT00027,1/27/2017,01,Bugatti Motors,Bugatti Motors,CNTR027,Lincoln, Bhutan
BR0271,DLR0036,Cad-M36,19737520,2,DT00028,1/28/2017,01,Buick Motors,Buick Motors,CNTR028,Lincoln, Bolivia
BR0281,DLR0038,Cad-M38,7654362,2,DT00029,1/29/2017,01,Bytom Motors,Bytom Motors,CNTR029,Lincoln, Bosnia and Herzegovina
BR0291,DLR0039,Cad-M39,4722916,2,DT00030,1/30/2017,01,Cadillac Motors,Cadillac Motors,CNTR030,Lincoln, Botswana
BR0301,DLR0040,Che-M40,28009680,3,DT00031,1/31/2017,01,Caterham Motors,Caterham Motors,CNTR031,Buick, Brazil
BR0311,DLR0042,Che-M42,18106066,2,DT00032,2/1/2017,02,Checker Motors,Checker Motors,CNTR032,Cadillac, Brunei
BR0321,DLR0045,Che-M45,2907854,2,DT00033,2/2/2017,02,Chevrolet Motors,Chevrolet Motors,CNTR033,Cadillac, Bulgaria
BR0331,DLR0046,Che-M46,9805538,2,DT00034,2/3/2017,02,Chevrolet India Motors,Chevrolet India Motors,CNTR034,Cadillac, Burkina Faso
BR0341,DLR0047,Che-M47,13362888,3,DT00035,2/4/2017,02,Chrysler Motors,Chrysler Motors,CNTR035,Cadillac, Burundi
BR0351,DLR0048,Che-M48,8198552,1,DT00036,2/5/2017,02,Chrysler Europe Motors,Chrysler Europe Motors,CNTR036,Cadillac, Cambodia
BR0361,DLR0049,Che-M49,16954836,2,DT00037,2/6/2017,02,Citroën Motors,Citroën Motors,CNTR037,Cadillac, Cameroon
BR0371,DLR0050,Che-M50,13123946,2,DT00038,2/7/2017,02,Cizeta-Moroder Motors,Cizeta-Moroder Motors,CNTR038,Cadillac, Canada
BR0381,DLR0051,Che-M51,7896011,1,DT00039,2/8/2017,02,Dacia Motors,Dacia Motors,CNTR039,Cadillac, Cape Verde
BR0391,DLR0053,GMC-M53,12806852,2,DT00040,2/9/2017,02,"Daewoo, Saehan, Chevrolet Korea Motors","Daewoo, Saehan, Chevrolet Korea Motors",CNTR040,Chevrolet, Cayman Islands (UK)
BR0401,DLR0054,GMC-M54,540801,1,DT00041,2/10/2017,02,DAF Motors,DAF Motors,CNTR041,Chevrolet, Central African Republic
BR0411,DLR0056,GMC-M56,27851115,3,DT00042,2/11/2017,02,Daihatsu Motors,Daihatsu Motors,CNTR042,Chevrolet, Chad
BR0421,DLR0057,GMC-M57,25853679,3,DT00043,2/12/2017,02,Daimler Motors,Daimler Motors,CNTR043,Chevrolet, Chile
BR0431,DLR0059,Acu-M59,27157551,3,DT00044,2/13/2017,02,Datsun Motors,Delahaye Motors,CNTR044,Chevrolet, Chile
BR0441,DLR0060,Acu-M60,7166549,1,DT00045,2/14/2017,02,Delahaye Motors,DeLorean Motors,CNTR045,Chevrolet," China, People's Republic of"
BR0451,DLR0061,Acu-M61,827032,2,DT00046,2/15/2017,02,DeLorean Motors,DeSoto Motors,CNTR046,Chevrolet, Christmas Island (Australia)
BR0461,DLR0062,Acu-M62,887358,2,DT00047,2/16/2017,02,DeSoto Motors,De Tomaso Motors,CNTR047,Chevrolet, Cocos (Keeling) Islands (Australia)
BR0471,DLR0063,Acu-M63,2376282,3,DT00048,2/17/2017,02,De Tomaso Motors,Dodge Motors,CNTR048,Chevrolet, Colombia
BR0481,DLR0064,Hon-M64,6012624,2,DT00049,2/18/2017,02,Dodge Motors,Donkervoort Motors,CNTR049,Chevrolet, Comoros
BR0491,DLR0065,Hon-M65,5149104,1,DT00050,2/19/2017,02,Donkervoort Motors,Edsel Motors,CNTR050,Chevrolet," Congo, Democratic Republic of the"
BR0501,DLR0066,Hon-M66,20033082,3,DT00051,2/20/2017,02,Edsel Motors,e.GO Mobile Motors,CNTR051,Chevrolet," Congo, Republic of the"
BR0511,DLR0067,Hon-M67,11657025,3,DT00052,2/21/2017,02,e.GO Mobile Motors,Eicher Polaris Motors,CNTR052,GMC, Cook Islands (New Zealand)
BR0521,DLR0069,Hon-M69,29778390,3,DT00053,2/22/2017,02,Eicher Polaris Motors,Elva Motors,CNTR053,GMC, Costa Rica
BR0531,DLR0070,Hon-M70,27882654,3,DT00054,2/23/2017,02,Elva Motors,Facel Vega Motors,CNTR054,GMC, Côte d'Ivoire
BR0541,DLR0071,Hon-M71,19496403,3,DT00055,2/24/2017,02,Facel Vega Motors,Ferrari Motors,CNTR055,GMC, Croatia
BR0551,DLR0072,Hyu-M72,3099601,1,DT00056,2/25/2017,02,Ferrari Motors,Fiat Motors,CNTR056,GMC, Cuba
BR0561,DLR0073,Hyu-M73,10618472,2,DT00057,2/26/2017,02,Fiat Motors,Fiat do Brasil Motors,CNTR057,GMC, Curaçao (Netherlands)
BR0571,DLR0074,Hyu-M74,9618594,1,DT00058,2/27/2017,02,Fiat do Brasil Motors,Fiat India Motors,CNTR058,GMC, Cyprus
BR0581,DLR0075,Hyu-M75,28655037,3,DT00059,2/28/2017,02,Fiat India Motors,"Fisker, Karma Motors",CNTR059,Acura, Czech Republic
BR0591,DLR0076,Kia-M76,5033528,1,DT00060,3/1/2017,03,"Fisker, Karma Motors",Ford America Motors,CNTR060,Acura, Czech Republic
BR0601,DLR0078,Kia-M78,9175180,1,DT00061,3/2/2017,03,Ford America Motors,Ford Australia Motors,CNTR061,Acura, Denmark
BR0611,DLR0079,Inf-M79,2505504,1,DT00062,3/3/2017,03,Ford Australia Motors,Ford do Brasil Motors,CNTR062,Acura, Djibouti
BR0621,DLR0080,Nis-M80,1831088,2,DT00063,3/4/2017,03,Ford do Brasil Motors,Ford Europe Motors,CNTR063,Acura, Dominica
BR0631,DLR0081,Nis-M81,7650808,2,DT00064,3/5/2017,03,Ford Europe Motors,Ford India Motors,CNTR064,Honda, Dominican Republic
BR0641,DLR0082,Nis-M82,6545996,1,DT00065,3/6/2017,03,Ford India Motors,Freightliner Motors,CNTR065,Honda, East Timor
BR0651,DLR0085,Nis-M85,7548524,1,DT00066,3/7/2017,03,Freightliner Motors,FSO Motors,CNTR066,Honda, Ecuador
BR0661,DLR0086,Nis-M86,24649203,3,DT00067,3/8/2017,03,FSO Motors,GAZ Motors,CNTR067,Honda, Ecuador
BR0671,DLR0087,Nis-M87,17799570,3,DT00068,3/9/2017,03,GAZ Motors,Geo Motors,CNTR068,Honda, Egypt
BR0681,DLR0088,Nis-M88,6450024,2,DT00069,3/10/2017,03,Geo Motors,Gilbern Motors,CNTR069,Honda, El Salvador
BR0691,DLR0089,Nis-M89,3425558,1,DT00070,3/11/2017,03,Gilbern Motors,Ginetta Motors,CNTR070,Honda, Equatorial Guinea
BR0701,DLR0090,Riv-M90,7979531,1,DT00071,3/12/2017,03,Ginetta Motors,Glas Motors,CNTR071,Honda, Eritrea
BR0711,DLR0091,Riv-M91,4713975,1,DT00072,3/13/2017,03,Glas Motors,GMC Motors,CNTR072,Hyundai, Estonia
BR0721,DLR0092,Sub-M92,5758576,1,DT00073,3/14/2017,03,GMC Motors,GTA Spano Motors,CNTR073,Hyundai, Eswatini
BR0731,DLR0093,Sub-M93,5584847,1,DT00074,3/15/2017,03,GTA Spano Motors,Gumpert Motors,CNTR074,Hyundai, Ethiopia
BR0741,DLR0094,Sub-M94,12409908,2,DT00075,3/16/2017,03,Gumpert Motors,Healey Motors,CNTR075,Hyundai, Falkland Islands (UK)
BR0751,DLR0095,Sub-M95,14535884,2,DT00076,3/17/2017,03,Healey Motors,Heinkel Motors,CNTR076,Kia, Faroe Islands (Denmark)
BR0761,DLR0097,Tes-M97,25965132,3,DT00077,3/18/2017,03,Heinkel Motors,Hennessey Motors,CNTR077,Kia, Fiji
BR0771,DLR0098,Tes-M98,19511448,3,DT00078,3/19/2017,03,Hennessey Motors,Hillman Motors,CNTR078,Kia, Finland
BR0781,DLR0099,Lex-M99,29188608,3,DT00079,3/20/2017,03,Hillman Motors,Hindustan Motors,CNTR078,Infiniti, Finland
BR0791,DLR0101,Toy-M101,9765765,1,DT00080,3/21/2017,03,Hindustan Motors,Holden Motors,CNTR079,Nissan, France
BR0801,DLR0103,Toy-M103,7065574,2,DT00081,3/22/2017,03,Holden Motors,Honda Motors,CNTR079,Nissan, France
BR0811,DLR0105,Toy-M105,19224651,3,DT00082,3/23/2017,03,Honda Motors,Honda India Motors,CNTR080,Nissan, French Guiana (France)
BR0821,DLR0106,Toy-M106,22519947,3,DT00083,3/24/2017,03,Honda India Motors,Hudson Motors,CNTR081,Nissan, French Polynesia (France)
BR0831,DLR0107,Toy-M107,9518214,1,DT00084,3/25/2017,03,Hudson Motors,Humber Motors,CNTR082,Nissan, Gabon
BR0841,DLR0108,Vol-M108,5165328,3,DT00085,3/26/2017,03,Humber Motors,Hummer Motors,CNTR083,Nissan," Gambia, The"
BR0851,DLR0111,Agr-M111,9378756,1,DT00086,3/27/2017,03,Hummer Motors,Hyundai Motors,CNTR084,Nissan, Georgia
BR0861,DLR0112,Agr-M112,16902318,3,DT00087,3/28/2017,03,Hyundai Motors,"IFA (including Trabant, Wartburg, Barkas) Motors",CNTR085,Nissan, Germany
BR0871,DLR0113,Agr-M113,6757582,1,DT00088,3/29/2017,03,"IFA (including Trabant, Wartburg, Barkas) Motors",Infiniti Motors,CNTR085,Nissan, Germany
BR0881,DLR0115,Cit-M115,2672576,2,DT00089,3/30/2017,03,Infiniti Motors,Invicta Motors,CNTR086,Nissan, Ghana
BR0891,DLR0116,Cit-M116,20009418,3,DT00090,3/31/2017,03,Innocenti Motors,Isdera Motors,CNTR087,Rivian, Gibraltar (UK)
BR0901,DLR0118,Fia-M118,8396223,1,DT00091,4/1/2017,04,Invicta Motors,Iso Motors,CNTR088,Rivian, Greece
BR0911,DLR0119,For-M119,4386508,2,DT00092,4/2/2017,04,Isdera Motors,Isotta Fraschini Motors,CNTR089,Subaru, Greenland (Denmark)
BR0921,DLR0124,Peu-M124,12536596,2,DT00093,4/3/2017,04,Iso Motors,Isuzu Motors,CNTR090,Subaru, Grenada
BR0931,DLR0125,Peu-M125,4013044,2,DT00094,4/4/2017,04,Isotta Fraschini Motors,Iveco Motors,CNTR091,Subaru, Guam (US)
BR0941,DLR0126,Peu-M126,17994549,3,DT00095,4/5/2017,04,Isuzu Motors,Jaguar Motors,CNTR092,Subaru, Guatemala
BR0951,DLR0127,Ren-M127,20032434,3,DT00096,4/6/2017,04,Iveco Motors,Jeep Motors,CNTR093,Tesla, Guernsey (UK)
BR0961,DLR0130,Ren-M130,2945306,1,DT00097,4/7/2017,04,Jaguar Motors,Jensen Motors,CNTR094,Tesla, Guinea
BR0971,DLR0131,Ren-M131,9813516,1,DT00098,4/8/2017,04,Jeep Motors,JPX Motors,CNTR095,Tesla, Guinea-Bissau
BR0981,DLR0133,Toy-M133,8014593,1,DT00099,4/9/2017,04,Jensen Motors,Kia Motors,CNTR096,Lexus, Guyana
BR0991,DLR0136,Vol-M136,19375632,3,DT00100,4/10/2017,04,JPX Motors,Koenigsegg Motors,CNTR097,Toyota, Haiti
BR1001,DLR0138,Mar-M138,5418394,1,DT00101,4/11/2017,04,Kia Motors,KTM Motors,CNTR098,Toyota, Honduras
BR1011,DLR0140,Mar-M140,28350189,3,DT00102,4/12/2017,04,Koenigsegg Motors,Lada Motors,CNTR099,Toyota, Hungary
BR1021,DLR0141,Mar-M141,5897132,2,DT00103,4/13/2017,04,KTM Motors,Lamborghini Motors,CNTR100,Toyota, Iceland
BR1031,DLR0142,Mar-M142,14312230,2,DT00104,4/14/2017,04,Lada Motors,Lancia Motors,CNTR100,Toyota, Iceland
BR1041,DLR0143,Mar-M143,6365796,3,DT00105,4/15/2017,04,Lamborghini Motors,Land Rover Motors,CNTR101,Toyota, India
BR1051,DLR0144,Mar-M144,8912312,2,DT00106,4/16/2017,04,Lancia Motors,Lexus Motors,CNTR102,Toyota, Indonesia
BR1061,DLR0146,Mar-M146,6485847,3,DT00107,4/17/2017,04,Land Rover Motors,Ligier Motors,CNTR102,Toyota, Indonesia
BR1071,DLR0147,Mar-M147,17561478,2,DT00108,4/18/2017,04,Lexus Motors,Lincoln Motors,CNTR102,Volkswagen, Indonesia
BR1081,DLR0148,Mar-M148,21192432,3,DT00109,4/19/2017,04,Ligier Motors,Lotus Motors,CNTR103,Volkswagen, Iran
BR1091,DLR0150,Mar-M150,13805586,2,DT00110,4/20/2017,04,Lincoln Motors,LTI Motors,CNTR103,Volvo, Iran
BR1101,DLR0152,Mar-M152,6576128,2,DT00111,4/21/2017,04,Lotus Motors,LuAZ Motors,CNTR104,Agrale, Iraq
BR1111,DLR0153,Hyu-M153,11687542,2,DT00112,4/22/2017,04,LTI Motors,Lynx Motors,CNTR105,Agrale, Ireland
BR1121,DLR0154,Hyu-M154,3223632,3,DT00113,4/23/2017,04,LuAZ Motors,Mahindra Motors,CNTR106,Agrale, Isle of Man (UK)
BR1131,DLR0155,Hyu-M155,12200662,2,DT00114,4/24/2017,04,Lynx Motors,Marcos Motors,CNTR107,Chevrolet, Israel
BR1141,DLR0157,Hyu-M157,1397660,2,DT00115,4/25/2017,04,Mahindra Motors,Marlin Motors,CNTR107,Citroën, Israel
BR1151,DLR0158,Hyu-M158,8591331,1,DT00116,4/26/2017,04,Marcos Motors,Maruti Motors,CNTR108,Citroën, Italy
BR1161,DLR0161,Hyu-M161,17398632,3,DT00117,4/27/2017,04,Marlin Motors,Maserati Motors,CNTR109,Fiat, Jamaica
BR1171,DLR0162,Hyu-M162,3819603,1,DT00118,4/28/2017,04,Maruti Motors,Mastretta Motors,CNTR110,Fiat, Japan
,,,,,,,,,,CNTR110,Ford, Japan
,,,,,,,,,,CNTR111,Honda, Jersey (UK)
,,,,,,,,,,CNTR112,Mercedes-Benz, Jordan
,,,,,,,,,,CNTR113,Mercedes-Benz, Kazakhstan
,,,,,,,,,,CNTR114,Mercedes-Benz, Kenya
,,,,,,,,,,CNTR115,Peugeot, Kiribati
,,,,,,,,,,CNTR116,Peugeot," Korea, North"
,,,,,,,,,,CNTR116,Peugeot," Korea, South"
,,,,,,,,,,CNTR117,Renault, Kosovo
,,,,,,,,,,CNTR118,Renault, Kuwait
,,,,,,,,,,CNTR119,Renault, Kyrgyzstan
,,,,,,,,,,CNTR120,Renault, Laos
,,,,,,,,,,CNTR121,Renault, Latvia
,,,,,,,,,,CNTR122,Renault, Lebanon
,,,,,,,,,,CNTR123,Toyota, Lesotho
BR1331,DLR0178,Mah-M178,10901283,3,DT00134,5/14/2017,05,Monteverdi Motors,Moskwitch Motors,CNTR124,Toyota, Liberia
BR1341,DLR0182,Tat-M182,22819110,3,DT00135,5/15/2017,05,Morgan Motors,Nash Motors,CNTR125,Volkswagen, Libya
BR1351,DLR0183,Tat-M183,5740231,1,DT00136,5/16/2017,05,Moskwitch Motors,Naza Motors,CNTR126,Volkswagen, Liechtenstein
BR1361,DLR0184,Tat-M184,22956720,3,DT00137,5/17/2017,05,Nash Motors,Nissan Motors,CNTR127,Maruti Suzuki, Lithuania
BR1371,DLR0185,Tat-M185,18486910,2,DT00138,5/18/2017,05,Naza Motors,Nissan India Motors,CNTR128,Maruti Suzuki, Luxembourg
BR1381,DLR0187,Tat-M187,12941846,2,DT00139,5/19/2017,05,Nissan Motors,Noble Motors,CNTR129,Maruti Suzuki, Madagascar
BR1391,DLR0188,Tat-M188,24939225,3,DT00140,5/20/2017,05,Nissan India Motors,NSU Motors,CNTR130,Maruti Suzuki, Malawi
BR1401,DLR0191,Tat-M191,4553745,3,DT00141,5/21/2017,05,Noble Motors,Oldsmobile Motors,CNTR131,Maruti Suzuki, Malaysia
BR1411,DLR0192,Tat-M192,19268528,2,DT00142,5/22/2017,05,NSU Motors,Opel Motors,CNTR132,Maruti Suzuki, Maldives
BR1421,DLR0194,Tat-M194,13975350,3,DT00143,5/23/2017,05,Oldsmobile Motors,Packard Motors,CNTR133,Maruti Suzuki, Mali
BR1431,DLR0195,Toy-M195,8532681,3,DT00144,5/24/2017,05,Oltcit Motors,Pagani Motors,CNTR134,Maruti Suzuki, Malta
BR1441,DLR0196,Toy-M196,1852696,2,DT00145,5/25/2017,05,Opel Motors,Panhard Motors,CNTR135,Maruti Suzuki, Marshall Islands
BR1451,DLR0198,Toy-M198,307458,2,DT00146,5/26/2017,05,Packard Motors,Panoz Motors,CNTR136,Maruti Suzuki, Mauritania
BR1461,DLR0200,Toy-M200,2545818,3,DT00147,5/27/2017,05,Pagani Motors,Panther Motors,CNTR137,Maruti Suzuki, Mauritius
BR1471,DLR0202,Toy-M202,14283456,2,DT00148,5/28/2017,05,Panhard Motors,Peel Motors,CNTR138,Maruti Suzuki, Mayotte (France)
BR1481,DLR0203,Toy-M203,6064806,1,DT00149,5/29/2017,05,Panoz Motors,Perodua Motors,CNTR139,Maruti Suzuki, Mexico
BR1491,DLR0204,Toy-M204,27205020,3,DT00150,5/30/2017,05,Panther Motors,Peugeot Motors,CNTR140,Maruti Suzuki, Federated States of Micronesia
BR1501,DLR0205,Toy-M205,857333,1,DT00151,5/31/2017,05,Peel Motors,PGO Motors,CNTR141,Maruti Suzuki, Moldova
BR1511,DLR0207,Ren-M207,12167115,3,DT00152,6/1/2017,06,Perodua Motors,Piaggio Motors,CNTR142,Maruti Suzuki, Monaco
BR1521,DLR0208,Ren-M208,7862894,2,DT00153,6/2/2017,06,Peugeot Motors,Plymouth Motors,CNTR143,Hyundai, Mongolia
BR1531,DLR0210,Ren-M210,15599949,3,DT00154,6/3/2017,06,PGO Motors,Polestar Motors,CNTR144,Hyundai, Montenegro
BR1541,DLR0211,Ren-M211,313401,1,DT00155,6/4/2017,06,Piaggio Motors,"Pontiac, Asüna Motors",CNTR145,Hyundai, Montserrat (UK)
BR1551,DLR0213,Kia-M213,11571686,2,DT00156,6/5/2017,06,Plymouth Motors,Porsche Motors,CNTR146,Hyundai, Morocco
BR1561,DLR0214,Kia-M214,6953904,2,DT00157,6/6/2017,06,Polestar Motors,Premier Motors,CNTR147,Hyundai, Mozambique
BR1571,DLR0216,Hon-M216,6813837,1,DT00158,6/7/2017,06,"Pontiac, Asüna Motors",Proton Motors,CNTR148,Hyundai, Myanmar
BR1581,DLR0217,Hon-M217,4038996,3,DT00159,6/8/2017,06,Porsche Motors,Puma Motors,CNTR149,Hyundai, Namibia
BR1591,DLR0218,Hon-M218,8043585,1,DT00160,6/9/2017,06,Premier Motors,Ranger Motors,CNTR150,Hyundai, Nauru
BR1601,DLR0220,Hon-M220,5295622,2,DT00161,6/10/2017,06,Proton Motors,Reliant Motors,CNTR151,Hyundai,   Nepal
BR1611,DLR0221,For-M221,10821420,2,DT00162,6/11/2017,06,Puma Motors,Renault Motors,CNTR152,Hyundai, Netherlands
BR1621,DLR0222,For-M222,6142710,1,DT00163,6/12/2017,06,Ranger Motors,Rivian Motors,CNTR153,Hyundai, New Caledonia (France)
BR1631,DLR0223,For-M223,9833386,1,DT00164,6/13/2017,06,Reliant Motors,Rolls-Royce Motors,CNTR154,Hyundai, New Zealand
BR1641,DLR0224,For-M224,7376554,2,DT00165,6/14/2017,06,Renault Motors,Saab Motors,CNTR154,Mahindra, New Zealand
BR1651,DLR0225,For-M225,25182108,3,DT00166,6/15/2017,06,Rivian Motors,SAIC Motor Motors,CNTR155,Mahindra, Nicaragua
BR1661,DLR0226,For-M226,2647939,1,DT00167,6/16/2017,06,Rolls-Royce Motors,Saleen Motors,CNTR156,Mahindra, Niger
BR1671,DLR0228,Aud-M228,13947502,2,DT00168,6/17/2017,06,Saab Motors,Samsung Motors,CNTR157,Mahindra, Nigeria
BR1681,DLR0229,Aud-M229,4030132,1,DT00169,6/18/2017,06,SAIC Motor Motors,San Motors,CNTR158,Mahindra, Niue (New Zealand)
BR1691,DLR0230,Aud-M230,1023248,1,DT00170,6/19/2017,06,Saleen Motors,Santa Matilde Motors,CNTR159,Mahindra, Norfolk Island (Australia)
BR1701,DLR0231,Aud-M231,9805168,2,DT00171,6/20/2017,06,Samsung Motors,Santana Motors,CNTR160,Mahindra, North Macedonia
BR1711,DLR0233,Aud-M233,11278020,3,DT00172,6/21/2017,06,San Motors,Saturn Motors,CNTR161,Mahindra, Northern Cyprus
BR1721,DLR0234,Aud-M234,26563497,3,DT00173,6/22/2017,06,Santa Matilde Motors,Scion Motors,CNTR162,Mahindra, Northern Mariana Islands (US)
BR1731,DLR0235,Aud-M235,4900328,1,DT00174,6/23/2017,06,Santana Motors,Seat Motors,CNTR163,Mahindra, Norway
BR1741,DLR0236,Aud-M236,17972157,3,DT00175,6/24/2017,06,Saturn Motors,Shelby SuperCars Motors,CNTR164,Mahindra, Oman
BR1751,DLR0237,Aud-M237,10920946,2,DT00176,6/25/2017,06,Scion Motors,Simca Motors,CNTR165,Mahindra, Pakistan
BR1761,DLR0238,Aud-M238,3440078,2,DT00177,6/26/2017,06,Seat Motors,Simca do Brasil Motors,CNTR166,Mahindra, Palau
BR1771,DLR0240,Aud-M240,16855406,2,DT00178,6/27/2017,06,Shelby SuperCars Motors,Singer Motors,CNTR167,Mahindra, State of Palestine
BR1781,DLR0241,Aud-M241,6911454,2,DT00179,6/28/2017,06,Simca Motors,Skoda Motors,CNTR167,Tata, State of Palestine
BR1791,DLR0242,BMW-M242,17126070,3,DT00180,6/29/2017,06,Simca do Brasil Motors,Smart Motors,CNTR168,Tata, Panama
BR1801,DLR0243,BMW-M243,1739244,3,DT00181,6/30/2017,06,Singer Motors,Spyker Motors,CNTR169,Tata, Papua New Guinea
BR1811,DLR0244,BMW-M244,4934636,1,DT00182,7/1/2017,07,Skoda Motors,SsangYong Motors,CNTR170,Tata, Paraguay
BR1821,DLR0245,BMW-M245,24211491,3,DT00183,7/2/2017,07,Smart Motors,Standard-Triumph Motors,CNTR171,Tata, Peru
BR1831,DLR0246,BMW-M246,1050883,1,DT00184,7/3/2017,07,Spyker Motors,Studebaker Motors,CNTR172,Tata, Philippines
BR1841,DLR0249,BMW-M249,5358057,1,DT00185,7/4/2017,07,SsangYong Motors,Subaru Motors,CNTR172,Tata, Philippines
BR1851,DLR0251,MG-M251,8443706,1,DT00186,7/5/2017,07,Standard-Triumph Motors,Sunbeam Motors,CNTR173,Tata, Pitcairn Islands (UK)
BR1861,DLR0252,MG-M252,5616461,1,DT00187,7/6/2017,07,Studebaker Motors,Suzuki Motors,CNTR174,Tata, Poland
BR1871,DLR0253,Jee-M253,16890826,2,DT00188,7/7/2017,07,Subaru Motors,Tata Motors,CNTR175,Tata, Portugal
BR1881,DLR0255,Vol-M255,5289426,2,DT00189,7/8/2017,07,Sunbeam Motors,Tatra Motors,CNTR175,Tata, Portugal
BR1891,DLR0256,Vol-M256,2563134,3,DT00190,7/9/2017,07,Suzuki Motors,Tazzari Motors,CNTR176,Tata, Puerto Rico (US)
BR1901,DLR0257,Vol-M257,11502266,2,DT00191,7/10/2017,07,Tata Motors,Tesla Motors,CNTR176,Tata, Puerto Rico (US)
BR1911,DLR0258,Vol-M258,12618398,2,DT00192,7/11/2017,07,Tatra Motors,Tornado Motors,CNTR177,Tata, Qatar
BR1921,DLR0259,Vol-M259,10732148,2,DT00193,7/12/2017,07,Tazzari Motors,Toyota Motors,CNTR178,Tata, Romania
BR1931,DLR0260,Vol-M260,10113618,3,DT00194,7/13/2017,07,Tesla Motors,Toyota India Motors,CNTR178,Tata, Romania
BR1941,DLR0263,Nis-M263,13123846,2,DT00195,7/14/2017,07,Tornado Motors,Turner Motors,CNTR179,Toyota, Russia
BR1951,DLR0265,Nis-M265,18898203,3,DT00196,7/15/2017,07,Toyota Motors,TVR Motors,CNTR180,Toyota, Rwanda
BR1961,DLR0266,Nis-M266,5868139,1,DT00197,7/16/2017,07,Toyota India Motors,UAZ Motors,CNTR181,Toyota, Saint Barthélemy (France)
BR1971,DLR0267,Nis-M267,4579461,3,DT00198,7/17/2017,07,Turner Motors,Vauxhall Motors,CNTR182,Toyota, Saint Helena (UK)
BR1981,DLR0001,Nis-M268,12224250,2,DT00199,7/18/2017,07,TVR Motors,Venturi Motors,CNTR183,Toyota, Saint Kitts and Nevis
BR1991,DLR0002,Nis-M269,9621332,2,DT00200,7/19/2017,07,UAZ Motors,Volkswagen Motors,CNTR184,Toyota, Saint Lucia
BR2001,DLR0003,Nis-M270,15758858,2,DT00201,7/20/2017,07,Vauxhall Motors,Volkswagen do Brasil Motors,CNTR185,Toyota, Saint Martin (France)
BR2011,DLR0004,Sko-M271,889446,3,DT00202,7/21/2017,07,Venturi Motors,Volkswagen South Africa Motors,CNTR186,Toyota, Saint Pierre and Miquelon (France)
BR2021,DLR0006,Sko-M273,4256874,2,DT00203,7/22/2017,07,Volkswagen Motors,Volvo Motors,CNTR187,Toyota, Saint Vincent and the Grenadines
BR2031,DLR0007,Sko-M274,2574816,2,DT00204,7/23/2017,07,Volkswagen do Brasil Motors,Westfield Motors,CNTR188,Toyota, Samoa
BR2041,DLR0008,Mit-M275,9190640,1,DT00205,7/24/2017,07,Volkswagen South Africa Motors,Wiesmann Motors,CNTR189,Toyota, San Marino
BR2051,DLR0011,BMW-M1,4701994,2,DT00206,7/25/2017,07,Volvo Motors,Zastava Motors,CNTR190,Toyota, São Tomé and Príncipe
BR2061,DLR0013,BMW-M3,4423641,1,DT00207,7/26/2017,07,Westfield Motors,ZAZ Motors,CNTR191,Renault, Saudi Arabia
BR2071,DLR0014,BMW-M4,19779771,3,DT00208,7/27/2017,07,Wiesmann Motors,ZIL Motors,CNTR192,Renault, Senegal
BR2081,DLR0015,BMW-M5,23878338,3,DT00209,7/28/2017,07,Zastava Motors,DKW Motors,CNTR193,Renault, Serbia
BR2091,DLR0016,Mer-M6,25485213,3,DT00210,7/29/2017,07,ZAZ Motors,Horch Motors,CNTR194,Renault, Seychelles
BR2101,DLR0017,Mer-M7,3472263,3,DT00211,7/30/2017,07,ZIL Motors,Wanderer Motors,CNTR195,Renault, Sierra Leone
BR2111,DLR0018,Mer-M8,6440358,2,DT00212,7/31/2017,07,Audi Motors,Maybach  Motors,CNTR196,Kia, Singapore
BR2121,DLR0019,Dod-M9,15922974,2,DT00213,8/1/2017,08,DKW Motors,Izh  Motors,CNTR197,Kia, Sint Maarten (Netherlands)
BR2131,DLR0020,Jee-M10,9031813,1,DT00214,8/2/2017,08,Horch Motors,Lagonda  Motors,CNTR198,Kia, Slovakia
BR2141,DLR0021,Jee-M11,8830740,3,DT00215,8/3/2017,08,Wanderer Motors,MG  Motors,CNTR199,Honda, Slovenia
BR2151,DLR0022,Jee-M12,22875579,3,DT00216,8/4/2017,08,Maybach  Motors,Morris  Motors,CNTR200,Honda, Solomon Islands
BR2161,DLR0023,Jee-M13,3488930,1,DT00217,8/5/2017,08,Izh  Motors,Austin  Motors,CNTR201,Honda, Somalia
BR2171,DLR0024,Ram-M14,3856866,3,DT00218,8/6/2017,08,Lagonda  Motors,Riley  Motors,CNTR202,Honda, Somaliland
BR2181,DLR0025,Ram-M15,3180226,1,DT00219,8/7/2017,08,MG  Motors,Wolseley  Motors,CNTR203,Honda, South Africa
BR2191,DLR0026,For-M16,12534236,2,DT00220,8/8/2017,08,Morris  Motors,Standard  Motors,CNTR203,Honda, South Africa
BR2201,DLR0027,For-M17,9993194,1,DT00221,8/9/2017,08,Austin  Motors,Talbot  Motors,CNTR204,Ford, South Georgia and the South Sandwich Islands (UK)
BR2211,DLR0029,For-M19,5629200,1,DT00222,8/10/2017,08,Riley  Motors,Das Motors,CNTR205,Ford, South Ossetia
BR2221,DLR0030,For-M20,5124985,1,DT00223,8/11/2017,08,Wolseley  Motors,Ramani Motors,CNTR206,Ford, South Sudan
BR2231,DLR0031,For-M21,539991,3,DT00224,8/12/2017,08,Standard  Motors,Deccan Motors,CNTR207,Ford, Spain
BR2241,DLR0032,For-M22,12703779,3,DT00225,8/13/2017,08,Talbot  Motors,Herald Motors,CNTR208,Ford, Sri Lanka
BR2251,DLR0035,For-M25,12871174,2,DT00226,8/14/2017,08,Das Motors,Zion Automobils,CNTR209,Ford, Sudan
BR2261,DLR0036,For-M26,13663419,3,DT00227,8/15/2017,08,Ramani Motors,Atlantic Motor Company,CNTR209,Audi, Sudan
BR2271,DLR0037,Lin-M27,2008077,3,DT00228,8/16/2017,08,Deccan Motors,2008 NRHP-listed,CNTR210,Audi, Suriname
BR2281,DLR0038,Lin-M28,5780896,1,DT00229,8/17/2017,08,Herald Motors,Blankinship Motor Company Building,CNTR211,Audi, Svalbard and Jan Mayen (Norway)
BR2291,DLR0040,Lin-M30,12679842,2,DT00230,8/18/2017,08,Zion Automobils,Bohn Motor Company Automobile Dealership,CNTR212,Audi, Sweden
BR2301,DLR0041,Bui-M31,14749900,2,DT00231,8/19/2017,08,Atlantic Motor Company,Buick Automobile Company Building,CNTR213,Audi,  Switzerland
BR2311,DLR0045,Cad-M35,14231264,2,DT00232,8/20/2017,08,2008 NRHP-listed,Cadillac Automobile Company Building,CNTR214,Audi, Syria
BR2321,DLR0047,Cad-M37,6187158,2,DT00233,8/21/2017,08,Blankinship Motor Company Building,Casa de cadillac,CNTR215,Audi, Taiwan
BR2331,DLR0048,Cad-M38,11003206,2,DT00234,8/22/2017,08,Bohn Motor Company Automobile Dealership,Cass Motor Sales,CNTR215,Audi, Taiwan
BR2341,DLR0049,Cad-M39,7163682,2,DT00235,8/23/2017,08,Buick Automobile Company Building,Claremore Auto Dealership,CNTR216,Audi, Tajikistan
BR2351,DLR0050,Che-M40,7967632,1,DT00236,8/24/2017,08,Cadillac Automobile Company Building,Clemens Automobile Company Building,CNTR217,Audi, Tanzania
BR2361,DLR0051,Che-M41,1189125,1,DT00237,8/25/2017,08,Casa de cadillac,Colman Automotive Building,CNTR218,Audi, Thailand
BR2371,DLR0052,Che-M42,9043640,2,DT00238,8/26/2017,08,Cass Motor Sales,H Street Playhouse,CNTR218,Audi, Thailand
BR2381,DLR0053,Che-M43,10532440,2,DT00239,8/27/2017,08,Claremore Auto Dealership,Howard Motor Company Building,CNTR219,Audi, Togo
BR2391,DLR0054,Che-M44,9411372,1,DT00240,8/28/2017,08,Clemens Automobile Company Building,Hupmobile Building,CNTR220,Audi, Tokelau (New Zealand)
BR2401,DLR0055,Che-M45,26605503,3,DT00241,8/29/2017,08,Colman Automotive Building,Jennings Ford Automobile Dealership,CNTR221,Audi, Tonga
BR2411,DLR0056,Che-M46,17357436,2,DT00242,8/30/2017,08,H Street Playhouse,Jones Motor Company,CNTR222,BMW, Transnistria (Moldova)
BR2421,DLR0057,Che-M47,13805534,2,DT00243,8/31/2017,08,Howard Motor Company Building,Kindel Building,CNTR223,BMW, Trinidad and Tobago
BR2431,DLR0060,Che-M50,13934294,2,DT00244,9/1/2017,09,Hupmobile Building,AC Cars Motors,CNTR224,BMW, Tunisia
BR2441,DLR0061,Che-M51,882130,1,DT00245,9/2/2017,09,Jennings Ford Automobile Dealership,Acura Motors,CNTR225,BMW, Turkey
BR2451,DLR0062,GMC-M52,1046322,2,DT00246,9/3/2017,09,Jones Motor Company,Aixam-Mega (including Arola) Motors,CNTR226,BMW, Turkmenistan
BR2461,DLR0063,GMC-M53,13584572,2,DT00247,9/4/2017,09,Kindel Building,Alfa Romeo Motors,CNTR227,BMW, Turks and Caicos Islands (UK)
BR0002,DLR0064,GMC-M54,4408905,3,DT00248,9/5/2017,09,AC Cars Motors,Alpine Motors,CNTR228,BMW, Tuvalu
BR0012,DLR0065,GMC-M55,2543978,2,DT00249,9/6/2017,09,Acura Motors,Alvis Motors,CNTR229,BMW, Uganda
BR0022,DLR0066,GMC-M56,17594286,2,DT00250,9/7/2017,09,Aixam-Mega (including Arola) Motors,"AMC, Eagle Motors",CNTR230,BMW, Ukraine
BR0032,DLR0068,GMC-M58,1131322,2,DT00251,9/8/2017,09,Alfa Romeo Motors,Anadol Motors,CNTR230,MG, Ukraine
BR0042,DLR0070,Acu-M60,1993691,1,DT00252,9/9/2017,09,Alpine Motors,Ariel Motors,CNTR231,MG, United Arab Emirates
BR0052,DLR0071,Acu-M61,23481786,3,DT00253,9/10/2017,09,Alvis Motors,ARO Motors,CNTR232,Jeep, United Kingdom
BR0062,DLR0072,Acu-M62,3951923,1,DT00254,9/11/2017,09,"AMC, Eagle Motors",Asia Motors Motors,CNTR233,Jeep, United States of America
BR0072,DLR0073,Acu-M63,14394714,2,DT00255,9/12/2017,09,Anadol Motors,Aston Martin Motors,CNTR234,Volkswagen, Uruguay
BR0082,DLR0075,Hon-M65,3972716,2,DT00256,9/13/2017,09,Ariel Motors,Audi Motors,CNTR235,Volkswagen, Uzbekistan
BR0092,DLR0078,Hon-M68,29121171,3,DT00257,9/14/2017,09,ARO Motors,Autobianchi Motors,CNTR236,Volkswagen, Vanuatu
BR0102,DLR0082,Hyu-M72,1890776,2,DT00258,9/15/2017,09,Artega Motors,Auto-Union Motors,CNTR237,Volkswagen,  Vatican City
BR0112,DLR0084,Hyu-M74,7163899,1,DT00259,9/16/2017,09,Asia Motors Motors,Auverland Motors,CNTR238,Volkswagen, Venezuela
BR0122,DLR0086,Kia-M76,7886144,2,DT00260,9/17/2017,09,Aston Martin Motors,Bentley Motors,CNTR239,Volkswagen, Vietnam
BR0132,DLR0090,Nis-M80,9454887,1,DT00261,9/18/2017,09,Audi Motors,Bitter Motors,CNTR240,Nissan," Virgin Islands, British (UK)"
BR0142,DLR0091,Nis-M81,3829077,1,DT00262,9/19/2017,09,Autobianchi Motors,BMW Motors,CNTR241,Nissan," Virgin Islands, United States (US)"
BR0152,DLR0092,Nis-M82,7682953,1,DT00263,9/20/2017,09,Auto-Union Motors,,CNTR242,Nissan, Wallis and Futuna (France)
BR0162,DLR0096,Nis-M86,22099773,3,DT00264,9/21/2017,09,Auverland Motors,,CNTR243,Nissan, Western Sahara
BR0172,DLR0097,Nis-M87,13501758,2,DT00265,9/22/2017,09,Bentley Motors,,CNTR244,Nissan, Yemen
BR0182,DLR0098,Nis-M88,363498,1,DT00266,9/23/2017,09,Bitter Motors,,CNTR245,Nissan, Zambia
BR0192,DLR0099,Nis-M89,14603685,3,DT00267,9/24/2017,09,BMW Motors,,CNTR246,Nissan, Zimbabwe
BR0202,DLR0100,Riv-M90,18138627,3,DT00268,9/25/2017,09,Bond Motors,,,Nissan,
BR0212,DLR0101,Riv-M91,9356885,1,DT00269,9/26/2017,09,Borgward (including Goliath and Lloyd) Motors,,,Nissan,
BR0222,DLR0102,Sub-M92,1022362,1,DT00270,9/27/2017,09,Bristol Motors,,,Nissan,
BR0232,DLR0103,Sub-M93,21804849,3,DT00271,9/28/2017,09,British Leyland Motors,,,Skoda,
BR0242,DLR0104,Sub-M94,1865274,3,DT00272,9/29/2017,09,Austin-Healey Motors,,,Skoda,
BR0252,DLR0106,Tes-M96,10290584,2,DT00273,9/30/2017,09,"Austin, Rover Motors",,,Skoda,
BR0262,DLR0107,Tes-M97,8902988,2,DT00274,10/1/2017,10,Bugatti Motors,,,Skoda,
BR0272,DLR0110,Toy-M100,23239323,3,DT00275,10/2/2017,10,Buick Motors,,,Mitsubishi,
BR0282,DLR0111,Toy-M101,3796049,1,DT00276,10/3/2017,10,Bytom Motors,,,Mitsubishi,
BR0292,DLR0113,Toy-M103,4935354,2,DT00277,10/4/2017,10,Cadillac Motors,,,Mitsubishi,
BR0302,DLR0114,Toy-M104,26891523,3,DT00278,10/5/2017,10,Caterham Motors,,,,
BR0312,DLR0116,Toy-M106,319262,2,DT00279,10/6/2017,10,Checker Motors,,,,
BR0322,DLR0117,Toy-M107,1338147,1,DT00280,10/7/2017,10,Chevrolet Motors,,,,
BR0332,DLR0118,Vol-M108,3543648,3,DT00281,10/8/2017,10,Chevrolet India Motors,,,,
BR0342,DLR0119,Vol-M109,6794711,1,DT00282,10/9/2017,10,Chrysler Motors,,,,
BR0352,DLR0120,Vol-M110,2729702,2,DT00283,10/10/2017,10,Chrysler Europe Motors,,,,
BR0362,DLR0121,Agr-M111,6973684,2,DT00284,10/11/2017,10,Citroën Motors,,,,
BR0372,DLR0122,Agr-M112,6726654,1,DT00285,10/12/2017,10,Cizeta-Moroder Motors,,,,
BR0382,DLR0125,Cit-M115,10537488,2,DT00286,10/13/2017,10,Dacia Motors,,,,
BR0392,DLR0126,Cit-M116,7899765,3,DT00287,10/14/2017,10,"Daewoo, Saehan, Chevrolet Korea Motors",,,,
BR0402,DLR0129,For-M119,1224224,2,DT00288,10/15/2017,10,DAF Motors,,,,
BR0412,DLR0130,Hon-M120,16088542,2,DT00289,10/16/2017,10,Daihatsu Motors,,,,
BR0422,DLR0131,Mer-M121,10249968,3,DT00290,10/17/2017,10,Daimler Motors,,,,
BR0432,DLR0132,Mer-M122,16365546,2,DT00291,10/18/2017,10,Datsun Motors,,,,
BR0442,DLR0133,Mer-M123,1916646,1,DT00292,10/19/2017,10,Delahaye Motors,,,,
BR0452,DLR0135,Peu-M125,19051425,3,DT00293,10/20/2017,10,DeLorean Motors,,,,
BR0462,DLR0136,Peu-M126,2244035,1,DT00294,10/21/2017,10,DeSoto Motors,,,,
BR0472,DLR0137,Ren-M127,3313784,2,DT00295,10/22/2017,10,De Tomaso Motors,,,,
BR0482,DLR0139,Ren-M129,9708437,1,DT00296,10/23/2017,10,Dodge Motors,,,,
BR0492,DLR0140,Ren-M130,6674538,2,DT00297,10/24/2017,10,Donkervoort Motors,,,,
BR0502,DLR0141,Ren-M131,17503942,2,DT00298,10/25/2017,10,Edsel Motors,,,,
BR0512,DLR0142,Ren-M132,15885976,2,DT00299,10/26/2017,10,e.GO Mobile Motors,,,,
BR0522,DLR0144,Toy-M134,1117884,3,DT00300,10/27/2017,10,Eicher Polaris Motors,,,,
BR0532,DLR0145,Vol-M135,485030,2,DT00301,10/28/2017,10,Elva Motors,,,,
BR0542,DLR0146,Vol-M136,2744649,1,DT00302,10/29/2017,10,Facel Vega Motors,,,,
BR0552,DLR0148,Mar-M138,1261306,1,DT00303,10/30/2017,10,Ferrari Motors,,,,
BR0562,DLR0149,Mar-M139,8677097,1,DT00304,10/31/2017,10,Fiat Motors,,,,
BR0572,DLR0150,Mar-M140,9864716,2,DT00305,11/1/2017,11,Fiat do Brasil Motors,,,,
BR0582,DLR0151,Mar-M141,6687048,3,DT00306,11/2/2017,11,Fiat India Motors,,,,
BR0592,DLR0152,Mar-M142,17066514,3,DT00307,11/3/2017,11,"Fisker, Karma Motors",,,,
BR0602,DLR0153,Mar-M143,8590743,3,DT00308,11/4/2017,11,Ford America Motors,,,,
BR0612,DLR0155,Mar-M145,16872384,3,DT00309,11/5/2017,11,Ford Australia Motors,,,,
BR0622,DLR0156,Mar-M146,6947409,3,DT00310,11/6/2017,11,Ford do Brasil Motors,,,,
BR0632,DLR0157,Mar-M147,18121749,3,DT00311,11/7/2017,11,Ford Europe Motors,,,,
BR0642,DLR0159,Mar-M149,2287310,1,DT00312,11/8/2017,11,Ford India Motors,,,,
BR0652,DLR0160,Mar-M150,792051,3,DT00313,11/9/2017,11,Freightliner Motors,,,,
BR0662,DLR0162,Mar-M152,4447597,1,DT00314,11/10/2017,11,FSO Motors,,,,
BR0672,DLR0163,Hyu-M153,540651,3,DT00315,11/11/2017,11,GAZ Motors,,,,
BR0682,DLR0164,Hyu-M154,11418932,2,DT00316,11/12/2017,11,Geo Motors,,,,
BR0692,DLR0165,Hyu-M155,10442638,2,DT00317,11/13/2017,11,Gilbern Motors,,,,
BR0702,DLR0166,Hyu-M156,16699206,3,DT00318,11/14/2017,11,Ginetta Motors,,,,
BR0712,DLR0167,Hyu-M157,18529414,2,DT00319,11/15/2017,11,Glas Motors,,,,
BR0722,DLR0168,Hyu-M158,1018690,1,DT00320,11/16/2017,11,GMC Motors,,,,
BR0732,DLR0169,Hyu-M159,12945492,3,DT00321,11/17/2017,11,GTA Spano Motors,,,,
BR0742,DLR0170,Hyu-M160,17144544,3,DT00322,11/18/2017,11,Gumpert Motors,,,,
BR0752,DLR0171,Hyu-M161,8786484,1,DT00323,11/19/2017,11,Healey Motors,,,,
BR0762,DLR0173,Hyu-M163,7857274,2,DT00324,11/20/2017,11,Heinkel Motors,,,,
BR0772,DLR0174,Hyu-M164,2027358,2,DT00325,11/21/2017,11,Hennessey Motors,,,,
BR0782,DLR0176,Mah-M166,6238932,1,DT00326,11/22/2017,11,Hillman Motors,,,,
BR0792,DLR0177,Mah-M167,3019029,1,DT00327,11/23/2017,11,Hindustan Motors,,,,
BR0802,DLR0178,Mah-M168,1123825,1,DT00328,11/24/2017,11,Holden Motors,,,,
BR0812,DLR0183,Mah-M173,295120,2,DT00329,11/25/2017,11,Honda Motors,,,,
BR0822,DLR0184,Mah-M174,4763922,3,DT00330,11/26/2017,11,Honda India Motors,,,,
BR0832,DLR0185,Mah-M175,4893280,2,DT00331,11/27/2017,11,Hudson Motors,,,,
BR0842,DLR0186,Mah-M176,22058883,3,DT00332,11/28/2017,11,Humber Motors,,,,
BR0852,DLR0187,Mah-M177,10930779,3,DT00333,11/29/2017,11,Hummer Motors,,,,
BR0862,DLR0188,Mah-M178,6483099,3,DT00334,11/30/2017,11,Hyundai Motors,,,,
BR0872,DLR0189,Tat-M179,8561936,2,DT00335,12/1/2017,12,"IFA (including Trabant, Wartburg, Barkas) Motors",,,,
BR0882,DLR0193,Tat-M183,19694214,3,DT00336,12/2/2017,12,Infiniti Motors,,,,
BR0892,DLR0194,Tat-M184,11112984,3,DT00337,12/3/2017,12,Innocenti Motors,,,,
BR0902,DLR0195,Tat-M185,2368695,1,DT00338,12/4/2017,12,Invicta Motors,,,,
BR0912,DLR0196,Tat-M186,9982652,1,DT00339,12/5/2017,12,Isdera Motors,,,,
BR0922,DLR0198,Tat-M188,19494650,2,DT00340,12/6/2017,12,Iso Motors,,,,
BR0932,DLR0199,Tat-M189,18590022,2,DT00341,12/7/2017,12,Isotta Fraschini Motors,,,,
BR0942,DLR0200,Tat-M190,26354109,3,DT00342,12/8/2017,12,Isuzu Motors,,,,
BR0952,DLR0201,Tat-M191,11759934,3,DT00343,12/9/2017,12,Iveco Motors,,,,
BR0962,DLR0203,Tat-M193,3333756,2,DT00344,12/10/2017,12,Jaguar Motors,,,,
BR0972,DLR0204,Tat-M194,16284062,2,DT00345,12/11/2017,12,Jeep Motors,,,,
BR0982,DLR0206,Toy-M196,23525256,3,DT00346,12/12/2017,12,Jensen Motors,,,,
BR0992,DLR0207,Toy-M197,6371231,1,DT00347,12/13/2017,12,JPX Motors,,,,
BR1002,DLR0208,Toy-M198,8946299,1,DT00348,12/14/2017,12,Kia Motors,,,,
BR1012,DLR0209,Toy-M199,10183878,3,DT00349,12/15/2017,12,Koenigsegg Motors,,,,
BR1022,DLR0211,Toy-M201,7763828,1,DT00350,12/16/2017,12,KTM Motors,,,,
BR1032,DLR0212,Toy-M202,8183979,1,DT00351,12/17/2017,12,Lada Motors,,,,
BR1042,DLR0213,Toy-M203,29924316,3,DT00352,12/18/2017,12,Lamborghini Motors,,,,
BR1052,DLR0214,Toy-M204,17533466,2,DT00353,12/19/2017,12,Lancia Motors,,,,
BR1062,DLR0215,Toy-M205,3184412,1,DT00354,12/20/2017,12,Land Rover Motors,,,,
BR1072,DLR0216,Toy-M206,13386544,2,DT00355,12/21/2017,12,Lexus Motors,,,,
BR1082,DLR0217,Ren-M207,6457651,1,DT00356,12/22/2017,12,Ligier Motors,,,,
BR1092,DLR0218,Ren-M208,5259795,3,DT00357,12/23/2017,12,Lincoln Motors,,,,
BR1102,DLR0219,Ren-M209,7833314,1,DT00358,12/24/2017,12,Lotus Motors,,,,
BR1112,DLR0220,Ren-M210,9108088,1,DT00359,12/25/2017,12,LTI Motors,,,,
BR1122,DLR0221,Ren-M211,2563293,1,DT00360,12/26/2017,12,LuAZ Motors,,,,
BR1132,DLR0222,Kia-M212,13360260,3,DT00361,12/27/2017,12,Lynx Motors,,,,
BR1142,DLR0226,Hon-M216,13442598,2,DT00362,12/28/2017,12,Mahindra Motors,,,,
BR1152,DLR0227,Hon-M217,7757426,2,DT00363,12/29/2017,12,Marcos Motors,,,,
BR1162,DLR0228,Hon-M218,17376468,3,DT00364,12/30/2017,12,Marlin Motors,,,,
BR1172,DLR0229,Hon-M219,16150431,3,DT00365,12/31/2017,12,Maruti Motors,,,,
BR1182,DLR0231,For-M221,4590128,1,DT00366,1/1/2018,01,Maserati Motors,,,,
BR1192,DLR0232,For-M222,18031408,2,DT00367,1/2/2018,01,Mastretta Motors,,,,
BR1202,DLR0233,For-M223,7422324,1,DT00368,1/3/2018,01,"Matra (including Deutsch-Bonnet, René Bonnet) Motors",,,,
BR1212,DLR0235,For-M225,4014205,1,DT00369,1/4/2018,01,Mazda Motors,,,,
BR1222,DLR0236,For-M226,5756780,1,DT00370,1/5/2018,01,Mazzanti Motors,,,,
BR1232,DLR0238,Aud-M228,22293669,3,DT00371,1/6/2018,01,McLaren Motors,,,,
BR1242,DLR0240,Aud-M230,3382344,2,DT00372,1/7/2018,01,Mercedes-Benz (including Maybach) Motors,,,,
BR1252,DLR0242,Aud-M232,15425984,2,DT00373,1/8/2018,01,Mercury Motors,,,,
BR1262,DLR0243,Aud-M233,7178971,1,DT00374,1/9/2018,01,Merkur Motors,,,,
BR1272,DLR0244,Aud-M234,3751186,1,DT00375,1/10/2018,01,Messerschmitt Motors,,,,
BR1282,DLR0245,Aud-M235,8140664,2,DT00376,1/11/2018,01,Mia Motors,,,,
BR1292,DLR0246,Aud-M236,340182,2,DT00377,1/12/2018,01,Micro Motors,,,,
BR1302,DLR0247,Aud-M237,11559954,3,DT00378,1/13/2018,01,Mini Motors,,,,
BR1312,DLR0248,Aud-M238,8711628,3,DT00379,1/14/2018,01,Mitsubishi Motors,,,,
BR1322,DLR0249,Aud-M239,9894833,1,DT00380,1/15/2018,01,Monica Motors,,,,
BR1332,DLR0250,Aud-M240,4437937,1,DT00381,1/16/2018,01,Monteverdi Motors,,,,
BR1342,DLR0252,BMW-M242,9296322,3,DT00382,1/17/2018,01,Morgan Motors,,,,
BR1352,DLR0253,BMW-M243,6905276,2,DT00383,1/18/2018,01,Moskwitch Motors,,,,
BR1362,DLR0256,BMW-M246,572727,1,DT00384,1/19/2018,01,Nash Motors,,,,
BR1372,DLR0257,BMW-M247,8268754,1,DT00385,1/20/2018,01,Naza Motors,,,,
BR1382,DLR0258,BMW-M248,25066332,3,DT00386,1/21/2018,01,Nissan Motors,,,,
BR1392,DLR0259,BMW-M249,11080864,2,DT00387,1/22/2018,01,Nissan India Motors,,,,
BR1402,DLR0260,BMW-M250,7840152,2,DT00388,1/23/2018,01,Noble Motors,,,,
BR1412,DLR0261,MG-M251,21458625,3,DT00389,1/24/2018,01,NSU Motors,,,,
BR1422,DLR0263,Jee-M253,1977151,1,DT00390,1/25/2018,01,Oldsmobile Motors,,,,
BR1432,DLR0264,Jee-M254,22828896,3,DT00391,1/26/2018,01,Oltcit Motors,,,,
BR1442,DLR0266,Vol-M256,19070698,2,DT00392,1/27/2018,01,Opel Motors,,,,
BR1452,DLR0267,Vol-M257,11635732,2,DT00393,1/28/2018,01,Packard Motors,,,,
BR1462,DLR0001,Vol-M258,7989019,1,DT00394,1/29/2018,01,Pagani Motors,,,,
BR1472,DLR0002,Vol-M259,8281269,3,DT00395,1/30/2018,01,Panhard Motors,,,,
BR1482,DLR0003,Vol-M260,1408708,1,DT00396,1/31/2018,01,Panoz Motors,,,,
BR1492,DLR0004,Nis-M261,12084375,3,DT00397,2/1/2018,02,Panther Motors,,,,
BR1502,DLR0005,Nis-M262,13805602,2,DT00398,2/2/2018,02,Peel Motors,,,,
BR1512,DLR0007,Nis-M264,13189806,3,DT00399,2/3/2018,02,Perodua Motors,,,,
BR1522,DLR0008,Nis-M265,6356301,1,DT00400,2/4/2018,02,Peugeot Motors,,,,
BR1532,DLR0009,Nis-M266,1413380,2,DT00401,2/5/2018,02,PGO Motors,,,,
BR1542,DLR0010,Nis-M267,5529707,1,DT00402,2/6/2018,02,Piaggio Motors,,,,
BR1552,DLR0012,Nis-M269,5104718,2,DT00403,2/7/2018,02,Plymouth Motors,,,,
BR1562,DLR0013,Nis-M270,2133323,1,DT00404,2/8/2018,02,Polestar Motors,,,,
BR1572,DLR0014,Sko-M271,10200093,3,DT00405,2/9/2018,02,"Pontiac, Asüna Motors",,,,
BR1582,DLR0016,Sko-M273,2711864,1,DT00406,2/10/2018,02,Porsche Motors,,,,
BR1592,DLR0018,Mit-M275,10853781,3,DT00407,2/11/2018,02,Premier Motors,,,,
BR1602,DLR0022,BMW-M2,7619058,2,DT00408,2/12/2018,02,Proton Motors,,,,
BR1612,DLR0023,BMW-M3,3861337,1,DT00409,2/13/2018,02,Puma Motors,,,,
BR1622,DLR0024,BMW-M4,3013862,1,DT00410,2/14/2018,02,Ranger Motors,,,,
BR1632,DLR0025,BMW-M5,4091032,2,DT00411,2/15/2018,02,Reliant Motors,,,,
BR1642,DLR0026,Mer-M6,18850056,3,DT00412,2/16/2018,02,Renault Motors,,,,
BR1652,DLR0027,Mer-M7,25637433,3,DT00413,2/17/2018,02,Rivian Motors,,,,
BR1662,DLR0028,Mer-M8,9182152,2,DT00414,2/18/2018,02,Rolls-Royce Motors,,,,
BR1672,DLR0030,Jee-M10,10049668,2,DT00415,2/19/2018,02,Saab Motors,,,,
BR1682,DLR0031,Jee-M11,3831888,3,DT00416,2/20/2018,02,SAIC Motor Motors,,,,
BR1692,DLR0032,Jee-M12,12837476,2,DT00417,2/21/2018,02,Saleen Motors,,,,
BR1702,DLR0033,Jee-M13,27274158,3,DT00418,2/22/2018,02,Samsung Motors,,,,
BR1712,DLR0036,For-M16,12476619,3,DT00419,2/23/2018,02,San Motors,,,,
BR1722,DLR0038,For-M18,6922460,1,DT00420,2/24/2018,02,Santa Matilde Motors,,,,
BR1732,DLR0039,For-M19,22497648,3,DT00421,2/25/2018,02,Santana Motors,,,,
BR1742,DLR0040,For-M20,8780384,1,DT00422,2/26/2018,02,Saturn Motors,,,,
BR1752,DLR0041,For-M21,11161014,2,DT00423,2/27/2018,02,Scion Motors,,,,
BR1762,DLR0043,For-M23,4026720,3,DT00424,2/28/2018,02,Seat Motors,,,,
BR1772,DLR0044,For-M24,12617286,2,DT00425,3/1/2018,03,Shelby SuperCars Motors,,,,
BR1782,DLR0045,For-M25,7111300,1,DT00426,3/2/2018,03,Simca Motors,,,,
BR1792,DLR0047,Lin-M27,2754114,2,DT00427,3/3/2018,03,Simca do Brasil Motors,,,,
BR1802,DLR0048,Lin-M28,7003291,1,DT00428,3/4/2018,03,Singer Motors,,,,
BR1812,DLR0049,Lin-M29,8367989,1,DT00429,3/5/2018,03,Skoda Motors,,,,
BR1822,DLR0050,Lin-M30,2027904,1,DT00430,3/6/2018,03,Smart Motors,,,,
BR1832,DLR0052,Cad-M32,1106634,1,DT00431,3/7/2018,03,Spyker Motors,,,,
BR1842,DLR0053,Cad-M33,1925980,2,DT00432,3/8/2018,03,SsangYong Motors,,,,
BR1852,DLR0054,Cad-M34,3868980,2,DT00433,3/9/2018,03,Standard-Triumph Motors,,,,
BR1862,DLR0055,Cad-M35,2450338,1,DT00434,3/10/2018,03,Studebaker Motors,,,,
BR1872,DLR0056,Cad-M36,19165328,2,DT00435,3/11/2018,03,Subaru Motors,,,,
BR1882,DLR0057,Cad-M37,1200316,2,DT00436,3/12/2018,03,Sunbeam Motors,,,,
BR1892,DLR0058,Cad-M38,3505652,1,DT00437,3/13/2018,03,Suzuki Motors,,,,
BR1902,DLR0059,Cad-M39,24586674,3,DT00438,3/14/2018,03,Tata Motors,,,,
BR1912,DLR0060,Che-M40,22304289,3,DT00439,3/15/2018,03,Tatra Motors,,,,
BR1922,DLR0061,Che-M41,3056898,3,DT00440,3/16/2018,03,Tazzari Motors,,,,
BR1932,DLR0062,Che-M42,14296038,2,DT00441,3/17/2018,03,Tesla Motors,,,,
BR1942,DLR0063,Che-M43,8672176,1,DT00442,3/18/2018,03,Tornado Motors,,,,
BR1952,DLR0065,Che-M45,15231956,2,DT00443,3/19/2018,03,Toyota Motors,,,,
BR1962,DLR0066,Che-M46,349526,1,DT00444,3/20/2018,03,Toyota India Motors,,,,
BR1972,DLR0067,Che-M47,9643727,1,DT00445,3/21/2018,03,Turner Motors,,,,
BR1982,DLR0068,Che-M48,29103405,3,DT00446,3/22/2018,03,TVR Motors,,,,
BR1992,DLR0069,Che-M49,12686360,2,DT00447,3/23/2018,03,UAZ Motors,,,,
BR2002,DLR0070,Che-M50,9927018,1,DT00448,3/24/2018,03,Vauxhall Motors,,,,
BR2012,DLR0071,Che-M51,5339272,1,DT00449,3/25/2018,03,Venturi Motors,,,,
BR2022,DLR0072,GMC-M52,16163871,3,DT00450,3/26/2018,03,Volkswagen Motors,,,,
BR2032,DLR0073,GMC-M53,20381646,3,DT00451,3/27/2018,03,Volkswagen do Brasil Motors,,,,
BR2042,DLR0075,GMC-M55,14912856,2,DT00452,3/28/2018,03,Volkswagen South Africa Motors,,,,
BR2052,DLR0077,GMC-M57,27236946,3,DT00453,3/29/2018,03,Volvo Motors,,,,
BR2062,DLR0078,GMC-M58,14665640,2,DT00454,3/30/2018,03,Westfield Motors,,,,
BR2072,DLR0079,Acu-M59,860789,1,DT00455,3/31/2018,03,Wiesmann Motors,,,,
BR2082,DLR0080,Acu-M60,23134212,3,DT00456,4/1/2018,04,Zastava Motors,,,,
BR2092,DLR0081,Acu-M61,4954303,1,DT00457,4/2/2018,04,ZAZ Motors,,,,
BR2102,DLR0083,Acu-M63,4070808,1,DT00458,4/3/2018,04,ZIL Motors,,,,
BR2112,DLR0084,Hon-M64,7780268,1,DT00459,4/4/2018,04,Audi Motors,,,,
BR2122,DLR0085,Hon-M65,4013704,2,DT00460,4/5/2018,04,DKW Motors,,,,
BR2132,DLR0086,Hon-M66,1962370,1,DT00461,4/6/2018,04,Horch Motors,,,,
BR2142,DLR0087,Hon-M67,5498931,3,DT00462,4/7/2018,04,Wanderer Motors,,,,
BR2152,DLR0088,Hon-M68,4756842,2,DT00463,4/8/2018,04,Maybach  Motors,,,,
BR2162,DLR0089,Hon-M69,24716376,3,DT00464,4/9/2018,04,Izh  Motors,,,,
BR2172,DLR0090,Hon-M70,22218969,3,DT00465,4/10/2018,04,Lagonda  Motors,,,,
BR2182,DLR0091,Hon-M71,15407670,3,DT00466,4/11/2018,04,MG  Motors,,,,
BR2192,DLR0092,Hyu-M72,18149337,3,DT00467,4/12/2018,04,Morris  Motors,,,,
BR2202,DLR0093,Hyu-M73,23853315,3,DT00468,4/13/2018,04,Austin  Motors,,,,
BR2212,DLR0094,Hyu-M74,28091703,3,DT00469,4/14/2018,04,Riley  Motors,,,,
BR2222,DLR0095,Hyu-M75,982629,1,DT00470,4/15/2018,04,Wolseley  Motors,,,,
BR2232,DLR0096,Kia-M76,5204886,2,DT00471,4/16/2018,04,Standard  Motors,,,,
BR2242,DLR0097,Kia-M77,3290799,3,DT00472,4/17/2018,04,Talbot  Motors,,,,
BR2252,DLR0098,Kia-M78,16951182,3,DT00473,4/18/2018,04,Das Motors,,,,
BR2262,DLR0099,Inf-M79,13155981,3,DT00474,4/19/2018,04,Ramani Motors,,,,
BR2272,DLR0100,Nis-M80,1095368,2,DT00475,4/20/2018,04,Deccan Motors,,,,
BR2282,DLR0101,Nis-M81,27016929,3,DT00476,4/21/2018,04,Herald Motors,,,,
BR2292,DLR0102,Nis-M82,4087496,2,DT00477,4/22/2018,04,Zion Automobils,,,,
BR2302,DLR0107,Nis-M87,7707708,2,DT00478,4/23/2018,04,Atlantic Motor Company,,,,
BR2312,DLR0108,Nis-M88,20704056,3,DT00479,4/24/2018,04,2008 NRHP-listed,,,,
BR2322,DLR0109,Nis-M89,7346559,1,DT00480,4/25/2018,04,Blankinship Motor Company Building,,,,
BR2332,DLR0110,Riv-M90,5573732,1,DT00481,4/26/2018,04,Bohn Motor Company Automobile Dealership,,,,
BR2342,DLR0111,Riv-M91,3234890,1,DT00482,4/27/2018,04,Buick Automobile Company Building,,,,
BR2352,DLR0112,Sub-M92,2368511,1,DT00483,4/28/2018,04,Cadillac Automobile Company Building,,,,
BR2362,DLR0113,Sub-M93,19789761,3,DT00484,4/29/2018,04,Casa de cadillac,,,,
BR2372,DLR0115,Sub-M95,8710705,1,DT00485,4/30/2018,04,Cass Motor Sales,,,,
BR2382,DLR0116,Tes-M96,20377248,3,DT00486,5/1/2018,05,Claremore Auto Dealership,,,,
BR2392,DLR0117,Tes-M97,6013572,2,DT00487,5/2/2018,05,Clemens Automobile Company Building,,,,
BR2402,DLR0118,Tes-M98,4378700,1,DT00488,5/3/2018,05,Colman Automotive Building,,,,
BR2412,DLR0119,Lex-M99,3422245,1,DT00489,5/4/2018,05,H Street Playhouse,,,,
BR2422,DLR0120,Toy-M100,2674500,2,DT00490,5/5/2018,05,Howard Motor Company Building,,,,
BR2432,DLR0121,Toy-M101,2870595,3,DT00491,5/6/2018,05,Hupmobile Building,,,,
BR2442,DLR0122,Toy-M102,3197417,1,DT00492,5/7/2018,05,Jennings Ford Automobile Dealership,,,,
BR2452,DLR0123,Toy-M103,9049002,3,DT00493,5/8/2018,05,Jones Motor Company,,,,
BR2462,DLR0124,Toy-M104,2163135,1,DT00494,5/9/2018,05,Kindel Building,,,,
BR0003,DLR0125,Toy-M105,13198065,3,DT00495,5/10/2018,05,AC Cars Motors,,,,
BR0013,DLR0126,Toy-M106,2077165,1,DT00496,5/11/2018,05,Acura Motors,,,,
BR0023,DLR0127,Toy-M107,1478854,2,DT00497,5/12/2018,05,Aixam-Mega (including Arola) Motors,,,,
BR0033,DLR0128,Vol-M108,29113914,3,DT00498,5/13/2018,05,Alfa Romeo Motors,,,,
BR0043,DLR0129,Vol-M109,3149218,1,DT00499,5/14/2018,05,Alpine Motors,,,,
BR0053,DLR0130,Vol-M110,4232991,1,DT00500,5/15/2018,05,Alvis Motors,,,,
BR0063,DLR0133,Agr-M113,5253078,3,DT00501,5/16/2018,05,"AMC, Eagle Motors",,,,
BR0073,DLR0134,Che-M114,1660874,1,DT00502,5/17/2018,05,Anadol Motors,,,,
BR0083,DLR0135,Cit-M115,28942212,3,DT00503,5/18/2018,05,Ariel Motors,,,,
BR0093,DLR0136,Cit-M116,26456838,3,DT00504,5/19/2018,05,ARO Motors,,,,
BR0103,DLR0137,Fia-M117,12729795,3,DT00505,5/20/2018,05,Artega Motors,,,,
BR0113,DLR0139,For-M119,26421006,3,DT00506,5/21/2018,05,Asia Motors Motors,,,,
BR0123,DLR0140,Hon-M120,605475,3,DT00507,5/22/2018,05,Aston Martin Motors,,,,
BR0133,DLR0141,Mer-M121,19975950,2,DT00508,5/23/2018,05,Audi Motors,,,,
BR0143,DLR0143,Mer-M123,6220644,1,DT00509,5/24/2018,05,Autobianchi Motors,,,,
BR0153,DLR0144,Peu-M124,6062757,3,DT00510,5/25/2018,05,Auto-Union Motors,,,,
BR0163,DLR0145,Peu-M125,19590816,3,DT00511,5/26/2018,05,Auverland Motors,,,,
BR0173,DLR0147,Ren-M127,3706613,1,DT00512,5/27/2018,05,Bentley Motors,,,,
BR0183,DLR0148,Ren-M128,4556011,1,DT00513,5/28/2018,05,Bitter Motors,,,,
BR0193,DLR0151,Ren-M131,1575710,2,DT00514,5/29/2018,05,BMW Motors,,,,
BR0203,DLR0152,Ren-M132,2693650,1,DT00515,5/30/2018,05,Bond Motors,,,,
BR0213,DLR0153,Toy-M133,27271989,3,DT00516,5/31/2018,05,Borgward (including Goliath and Lloyd) Motors,,,,
BR0223,DLR0154,Toy-M134,1391762,1,DT00517,6/1/2018,06,Bristol Motors,,,,
BR0233,DLR0155,Vol-M135,7526731,1,DT00518,6/2/2018,06,British Leyland Motors,,,,
BR0243,DLR0157,Mar-M137,9992208,2,DT00519,6/3/2018,06,Austin-Healey Motors,,,,
BR0253,DLR0160,Mar-M140,3745426,2,DT00520,6/4/2018,06,"Austin, Rover Motors",,,,
BR0263,DLR0163,Mar-M143,8060510,2,DT00521,6/5/2018,06,Bugatti Motors,,,,
BR0273,DLR0164,Mar-M144,2475576,2,DT00522,6/6/2018,06,Buick Motors,,,,
BR0283,DLR0166,Mar-M146,29062869,3,DT00523,6/7/2018,06,Bytom Motors,,,,
BR0293,DLR0167,Mar-M147,11007280,2,DT00524,6/8/2018,06,Cadillac Motors,,,,
BR0303,DLR0169,Mar-M149,1021566,1,DT00525,6/9/2018,06,Caterham Motors,,,,
BR0313,DLR0171,Mar-M151,19991650,2,DT00526,6/10/2018,06,Checker Motors,,,,
BR0323,DLR0172,Mar-M152,6702328,2,DT00527,6/11/2018,06,Chevrolet Motors,,,,
BR0333,DLR0173,Hyu-M153,2300537,1,DT00528,6/12/2018,06,Chevrolet India Motors,,,,
BR0343,DLR0174,Hyu-M154,10005932,2,DT00529,6/13/2018,06,Chrysler Motors,,,,
BR0353,DLR0175,Hyu-M155,27412863,3,DT00530,6/14/2018,06,Chrysler Europe Motors,,,,
BR0363,DLR0176,Hyu-M156,7604313,1,DT00531,6/15/2018,06,Citroën Motors,,,,
BR0373,DLR0177,Hyu-M157,14791150,2,DT00532,6/16/2018,06,Cizeta-Moroder Motors,,,,
BR0383,DLR0178,Hyu-M158,14481660,3,DT00533,6/17/2018,06,Dacia Motors,,,,
BR0393,DLR0179,Hyu-M159,9612495,1,DT00534,6/18/2018,06,"Daewoo, Saehan, Chevrolet Korea Motors",,,,
BR0403,DLR0182,Hyu-M162,2224314,3,DT00535,6/19/2018,06,DAF Motors,,,,
BR0413,DLR0183,Hyu-M163,9965784,1,DT00536,6/20/2018,06,Daihatsu Motors,,,,
BR0423,DLR0184,Hyu-M164,23998932,3,DT00537,6/21/2018,06,Daimler Motors,,,,
BR0433,DLR0185,Mah-M165,2298772,1,DT00538,6/22/2018,06,Datsun Motors,,,,
BR0443,DLR0186,Mah-M166,20980833,3,DT00539,6/23/2018,06,Delahaye Motors,,,,
BR0453,DLR0187,Mah-M167,10059666,2,DT00540,6/24/2018,06,DeLorean Motors,,,,
BR0463,DLR0188,Mah-M168,5115269,1,DT00541,6/25/2018,06,DeSoto Motors,,,,
BR0473,DLR0189,Mah-M169,12791852,2,DT00542,6/26/2018,06,De Tomaso Motors,,,,
BR0483,DLR0190,Mah-M170,9632678,1,DT00543,6/27/2018,06,Dodge Motors,,,,
BR0493,DLR0191,Mah-M171,6380740,2,DT00544,6/28/2018,06,Donkervoort Motors,,,,
BR0503,DLR0192,Mah-M172,4347531,1,DT00545,6/29/2018,06,Edsel Motors,,,,
BR0513,DLR0193,Mah-M173,6271301,1,DT00546,6/30/2018,06,e.GO Mobile Motors,,,,
BR0523,DLR0196,Mah-M176,7236359,1,DT00547,7/1/2018,07,Eicher Polaris Motors,,,,
BR0533,DLR0199,Tat-M179,13747540,2,DT00548,7/2/2018,07,Elva Motors,,,,
BR0543,DLR0200,Tat-M180,4533032,1,DT00549,7/3/2018,07,Facel Vega Motors,,,,
BR0553,DLR0203,Tat-M183,5565960,1,DT00550,7/4/2018,07,Ferrari Motors,,,,
BR0563,DLR0204,Tat-M184,140515,1,DT00551,7/5/2018,07,Fiat Motors,,,,
BR0573,DLR0205,Tat-M185,2272794,3,DT00552,7/6/2018,07,Fiat do Brasil Motors,,,,
BR0583,DLR0207,Tat-M187,19756430,2,DT00553,7/7/2018,07,Fiat India Motors,,,,
BR0593,DLR0208,Tat-M188,9664767,3,DT00554,7/8/2018,07,"Fisker, Karma Motors",,,,
BR0603,DLR0209,Tat-M189,13389350,2,DT00555,7/9/2018,07,Ford America Motors,,,,
BR0613,DLR0210,Tat-M190,11038722,3,DT00556,7/10/2018,07,Ford Australia Motors,,,,
BR0623,DLR0212,Tat-M192,4061400,3,DT00557,7/11/2018,07,Ford do Brasil Motors,,,,
BR0633,DLR0213,Tat-M193,5594044,1,DT00558,7/12/2018,07,Ford Europe Motors,,,,
BR0643,DLR0214,Tat-M194,6429308,1,DT00559,7/13/2018,07,Ford India Motors,,,,
BR0653,DLR0215,Toy-M195,3163004,2,DT00560,7/14/2018,07,Freightliner Motors,,,,
BR0663,DLR0216,Toy-M196,4317585,1,DT00561,7/15/2018,07,FSO Motors,,,,
BR0673,DLR0217,Toy-M197,4961142,3,DT00562,7/16/2018,07,GAZ Motors,,,,
BR0683,DLR0218,Toy-M198,1994377,1,DT00563,7/17/2018,07,Geo Motors,,,,
BR0693,DLR0219,Toy-M199,7666706,1,DT00564,7/18/2018,07,Gilbern Motors,,,,
BR0703,DLR0222,Toy-M202,6200183,1,DT00565,7/19/2018,07,Ginetta Motors,,,,
BR0713,DLR0223,Toy-M203,10761116,2,DT00566,7/20/2018,07,Glas Motors,,,,
BR0723,DLR0224,Toy-M204,4376587,1,DT00567,7/21/2018,07,GMC Motors,,,,
BR0733,DLR0227,Ren-M207,6535383,3,DT00568,7/22/2018,07,GTA Spano Motors,,,,
BR0743,DLR0228,Ren-M208,20604021,3,DT00569,7/23/2018,07,Gumpert Motors,,,,
BR0753,DLR0229,Ren-M209,7758912,1,DT00570,7/24/2018,07,Healey Motors,,,,
BR0763,DLR0230,Ren-M210,12531735,3,DT00571,7/25/2018,07,Heinkel Motors,,,,
BR0773,DLR0231,Ren-M211,29018226,3,DT00572,7/26/2018,07,Hennessey Motors,,,,
BR0783,DLR0233,Kia-M213,13383333,3,DT00573,7/27/2018,07,Hillman Motors,,,,
BR0793,DLR0234,Kia-M214,6457305,1,DT00574,7/28/2018,07,Hindustan Motors,,,,
BR0803,DLR0235,Hon-M215,376922,2,DT00575,7/29/2018,07,Holden Motors,,,,
BR0813,DLR0237,Hon-M217,14099240,2,DT00576,7/30/2018,07,Honda Motors,,,,
BR0823,DLR0238,Hon-M218,8881946,2,DT00577,7/31/2018,07,Honda India Motors,,,,
BR0833,DLR0240,Hon-M220,14323572,3,DT00578,8/1/2018,08,Hudson Motors,,,,
BR0843,DLR0241,For-M221,9655398,2,DT00579,8/2/2018,08,Humber Motors,,,,
BR0853,DLR0242,For-M222,5683188,1,DT00580,8/3/2018,08,Hummer Motors,,,,
BR0863,DLR0243,For-M223,494316,3,DT00581,8/4/2018,08,Hyundai Motors,,,,
BR0873,DLR0244,For-M224,5601846,2,DT00582,8/5/2018,08,"IFA (including Trabant, Wartburg, Barkas) Motors",,,,
BR0883,DLR0246,For-M226,7885366,2,DT00583,8/6/2018,08,Infiniti Motors,,,,
BR0893,DLR0248,Aud-M228,9113729,1,DT00584,8/7/2018,08,Innocenti Motors,,,,
BR0903,DLR0249,Aud-M229,10410296,2,DT00585,8/8/2018,08,Invicta Motors,,,,
BR0913,DLR0250,Aud-M230,17499968,2,DT00586,8/9/2018,08,Isdera Motors,,,,
BR0923,DLR0251,Aud-M231,1712349,3,DT00587,8/10/2018,08,Iso Motors,,,,
BR0933,DLR0252,Aud-M232,1637522,1,DT00588,8/11/2018,08,Isotta Fraschini Motors,,,,
BR0943,DLR0253,Aud-M233,6462394,2,DT00589,8/12/2018,08,Isuzu Motors,,,,
BR0953,DLR0254,Aud-M234,16419144,2,DT00590,8/13/2018,08,Iveco Motors,,,,
BR0963,DLR0255,Aud-M235,24611535,3,DT00591,8/14/2018,08,Jaguar Motors,,,,
BR0973,DLR0256,Aud-M236,4502553,1,DT00592,8/15/2018,08,Jeep Motors,,,,
BR0983,DLR0257,Aud-M237,11745182,2,DT00593,8/16/2018,08,Jensen Motors,,,,
BR0993,DLR0258,Aud-M238,8968102,2,DT00594,8/17/2018,08,JPX Motors,,,,
BR1003,DLR0259,Aud-M239,18335968,2,DT00595,8/18/2018,08,Kia Motors,,,,
BR1013,DLR0260,Aud-M240,4947308,1,DT00596,8/19/2018,08,Koenigsegg Motors,,,,
BR1023,DLR0261,Aud-M241,405648,2,DT00597,8/20/2018,08,KTM Motors,,,,
BR1033,DLR0262,BMW-M242,4021521,1,DT00598,8/21/2018,08,Lada Motors,,,,
BR1043,DLR0266,BMW-M246,7605444,1,DT00599,8/22/2018,08,Lamborghini Motors,,,,
BR1053,DLR0001,BMW-M248,1631227,1,DT00600,8/23/2018,08,Lancia Motors,,,,
BR1063,DLR0002,BMW-M249,5486357,1,DT00601,8/24/2018,08,Land Rover Motors,,,,
BR1073,DLR0003,BMW-M250,5611611,3,DT00602,8/25/2018,08,Lexus Motors,,,,
BR1083,DLR0004,MG-M251,23622411,3,DT00603,8/26/2018,08,Ligier Motors,,,,
BR1093,DLR0006,Jee-M253,1324649,1,DT00604,8/27/2018,08,Lincoln Motors,,,,
BR1103,DLR0010,Vol-M257,4841665,1,DT00605,8/28/2018,08,Lotus Motors,,,,
BR1113,DLR0011,Vol-M258,7064261,1,DT00606,8/29/2018,08,LTI Motors,,,,
BR1123,DLR0012,Vol-M259,14467488,3,DT00607,8/30/2018,08,LuAZ Motors,,,,
BR1133,DLR0013,Vol-M260,1506321,3,DT00608,8/31/2018,08,Lynx Motors,,,,
BR1143,DLR0014,Nis-M261,5676322,1,DT00609,9/1/2018,09,Mahindra Motors,,,,
BR1153,DLR0015,Nis-M262,2263432,1,DT00610,9/2/2018,09,Marcos Motors,,,,
BR1163,DLR0017,Nis-M264,3681751,1,DT00611,9/3/2018,09,Marlin Motors,,,,
BR1173,DLR0018,Nis-M265,8758656,3,DT00612,9/4/2018,09,Maruti Motors,,,,
BR1183,DLR0019,Nis-M266,4239958,1,DT00613,9/5/2018,09,Maserati Motors,,,,
BR1193,DLR0020,Nis-M267,9009420,1,DT00614,9/6/2018,09,Mastretta Motors,,,,
BR1203,DLR0021,Nis-M268,27884529,3,DT00615,9/7/2018,09,"Matra (including Deutsch-Bonnet, René Bonnet) Motors",,,,
BR1213,DLR0022,Nis-M269,27655845,3,DT00616,9/8/2018,09,Mazda Motors,,,,
BR1223,DLR0023,Nis-M270,19756170,3,DT00617,9/9/2018,09,Mazzanti Motors,,,,
BR1233,DLR0024,Sko-M271,14183745,3,DT00618,9/10/2018,09,McLaren Motors,,,,
BR1243,DLR0025,Sko-M272,12823790,2,DT00619,9/11/2018,09,Mercedes-Benz (including Maybach) Motors,,,,
BR1253,DLR0026,Sko-M273,2542283,1,DT00620,9/12/2018,09,Mercury Motors,,,,
BR1263,DLR0029,Mit-M276,1712630,2,DT00621,9/13/2018,09,Merkur Motors,,,,
BR1273,DLR0030,Mit-M277,10085318,2,DT00622,9/14/2018,09,Messerschmitt Motors,,,,
BR1283,DLR0031,BMW-M1,1618930,2,DT00623,9/15/2018,09,Mia Motors,,,,
BR1293,DLR0033,BMW-M3,2382867,1,DT00624,9/16/2018,09,Micro Motors,,,,
BR1303,DLR0034,BMW-M4,28658523,3,DT00625,9/17/2018,09,Mini Motors,,,,
BR1313,DLR0037,Mer-M7,3368813,1,DT00626,9/18/2018,09,Mitsubishi Motors,,,,
BR1323,DLR0038,Mer-M8,28307304,3,DT00627,9/19/2018,09,Monica Motors,,,,
BR1333,DLR0039,Dod-M9,7543192,1,DT00628,9/20/2018,09,Monteverdi Motors,,,,
BR1343,DLR0040,Jee-M10,4731537,1,DT00629,9/21/2018,09,Morgan Motors,,,,
BR1353,DLR0041,Jee-M11,22310235,3,DT00630,9/22/2018,09,Moskwitch Motors,,,,
BR1363,DLR0042,Jee-M12,3272100,3,DT00631,9/23/2018,09,Nash Motors,,,,
BR1373,DLR0044,Ram-M14,3072957,1,DT00632,9/24/2018,09,Naza Motors,,,,
BR1383,DLR0045,Ram-M15,29809104,3,DT00633,9/25/2018,09,Nissan Motors,,,,
BR1393,DLR0048,For-M18,4341243,1,DT00634,9/26/2018,09,Nissan India Motors,,,,
BR1403,DLR0050,For-M20,27861795,3,DT00635,9/27/2018,09,Noble Motors,,,,
BR1413,DLR0051,For-M21,2186159,1,DT00636,9/28/2018,09,NSU Motors,,,,
BR1423,DLR0052,For-M22,6567519,1,DT00637,9/29/2018,09,Oldsmobile Motors,,,,
BR1433,DLR0057,Lin-M27,1589669,1,DT00638,9/30/2018,09,Oltcit Motors,,,,
BR1443,DLR0058,Lin-M28,8311743,3,DT00639,10/1/2018,10,Opel Motors,,,,
BR1453,DLR0059,Lin-M29,1241180,2,DT00640,10/2/2018,10,Packard Motors,,,,
BR1463,DLR0060,Lin-M30,14471634,2,DT00641,10/3/2018,10,Pagani Motors,,,,
BR1473,DLR0061,Bui-M31,23814543,3,DT00642,10/4/2018,10,Panhard Motors,,,,
BR1483,DLR0062,Cad-M32,736926,2,DT00643,10/5/2018,10,Panoz Motors,,,,
BR1493,DLR0063,Cad-M33,4857048,2,DT00644,10/6/2018,10,Panther Motors,,,,
BR1503,DLR0064,Cad-M34,19647284,2,DT00645,10/7/2018,10,Peel Motors,,,,
BR1513,DLR0065,Cad-M35,9810558,3,DT00646,10/8/2018,10,Perodua Motors,,,,
BR1523,DLR0067,Cad-M37,8193938,1,DT00647,10/9/2018,10,Peugeot Motors,,,,
BR1533,DLR0068,Cad-M38,8194514,2,DT00648,10/10/2018,10,PGO Motors,,,,
BR1543,DLR0070,Che-M40,1934226,3,DT00649,10/11/2018,10,Piaggio Motors,,,,
BR1553,DLR0071,Che-M41,12463830,3,DT00650,10/12/2018,10,Plymouth Motors,,,,
BR1563,DLR0072,Che-M42,1441488,1,DT00651,10/13/2018,10,Polestar Motors,,,,
BR1573,DLR0077,Che-M47,4916778,1,DT00652,10/14/2018,10,"Pontiac, Asüna Motors",,,,
BR1583,DLR0079,Che-M49,18310262,2,DT00653,10/15/2018,10,Porsche Motors,,,,
BR1593,DLR0081,Che-M51,4024362,3,DT00654,10/16/2018,10,Premier Motors,,,,
BR1603,DLR0082,GMC-M52,18880134,3,DT00655,10/17/2018,10,Proton Motors,,,,
BR1613,DLR0083,GMC-M53,9007548,3,DT00656,10/18/2018,10,Puma Motors,,,,
BR1623,DLR0085,GMC-M55,7543950,2,DT00657,10/19/2018,10,Ranger Motors,,,,
BR1633,DLR0086,GMC-M56,25855152,3,DT00658,10/20/2018,10,Reliant Motors,,,,
BR1643,DLR0087,GMC-M57,9643741,1,DT00659,10/21/2018,10,Renault Motors,,,,
BR1653,DLR0091,Acu-M61,513083,1,DT00660,10/22/2018,10,Rivian Motors,,,,
BR1663,DLR0093,Acu-M63,1167288,3,DT00661,10/23/2018,10,Rolls-Royce Motors,,,,
BR1673,DLR0095,Hon-M65,24008736,3,DT00662,10/24/2018,10,Saab Motors,,,,
BR1683,DLR0096,Hon-M66,6710574,2,DT00663,10/25/2018,10,SAIC Motor Motors,,,,
BR1693,DLR0097,Hon-M67,1064642,1,DT00664,10/26/2018,10,Saleen Motors,,,,
BR1703,DLR0098,Hon-M68,5410099,1,DT00665,10/27/2018,10,Samsung Motors,,,,
BR1713,DLR0100,Hon-M70,10601488,2,DT00666,10/28/2018,10,San Motors,,,,
BR1723,DLR0101,Hon-M71,7013124,1,DT00667,10/29/2018,10,Santa Matilde Motors,,,,
BR1733,DLR0104,Hyu-M74,5730373,1,DT00668,10/30/2018,10,Santana Motors,,,,
BR1743,DLR0106,Kia-M76,2718268,1,DT00669,10/31/2018,10,Saturn Motors,,,,
BR1753,DLR0107,Kia-M77,8914706,2,DT00670,11/1/2018,11,Scion Motors,,,,
BR1763,DLR0108,Kia-M78,2383197,1,DT00671,11/2/2018,11,Seat Motors,,,,
BR1773,DLR0109,Inf-M79,6511723,1,DT00672,11/3/2018,11,Shelby SuperCars Motors,,,,
BR1783,DLR0112,Nis-M82,3182328,1,DT00673,11/4/2018,11,Simca Motors,,,,
BR1793,DLR0116,Nis-M86,492495,1,DT00674,11/5/2018,11,Simca do Brasil Motors,,,,
BR1803,DLR0117,Nis-M87,7449370,2,DT00675,11/6/2018,11,Singer Motors,,,,
BR1813,DLR0119,Nis-M89,6403419,3,DT00676,11/7/2018,11,Skoda Motors,,,,
BR1823,DLR0121,Riv-M91,18009496,2,DT00677,11/8/2018,11,Smart Motors,,,,
BR1833,DLR0122,Sub-M92,17375382,3,DT00678,11/9/2018,11,Spyker Motors,,,,
BR1843,DLR0123,Sub-M93,279928,1,DT00679,11/10/2018,11,SsangYong Motors,,,,
BR1853,DLR0124,Sub-M94,2142415,1,DT00680,11/11/2018,11,Standard-Triumph Motors,,,,
BR1863,DLR0125,Sub-M95,21127932,3,DT00681,11/12/2018,11,Studebaker Motors,,,,
BR1873,DLR0126,Tes-M96,4992132,3,DT00682,11/13/2018,11,Subaru Motors,,,,
BR1883,DLR0127,Tes-M97,4960610,1,DT00683,11/14/2018,11,Sunbeam Motors,,,,
BR1893,DLR0128,Tes-M98,6627355,1,DT00684,11/15/2018,11,Suzuki Motors,,,,
BR1903,DLR0129,Lex-M99,4301122,2,DT00685,11/16/2018,11,Tata Motors,,,,
BR1913,DLR0130,Toy-M100,7205130,2,DT00686,11/17/2018,11,Tatra Motors,,,,
BR1923,DLR0132,Toy-M102,15300512,2,DT00687,11/18/2018,11,Tazzari Motors,,,,
BR1933,DLR0133,Toy-M103,12692734,2,DT00688,11/19/2018,11,Tesla Motors,,,,
BR1943,DLR0134,Toy-M104,16884642,3,DT00689,11/20/2018,11,Tornado Motors,,,,
BR1953,DLR0135,Toy-M105,18536784,3,DT00690,11/21/2018,11,Toyota Motors,,,,
BR1963,DLR0136,Toy-M106,5024274,1,DT00691,11/22/2018,11,Toyota India Motors,,,,
BR1973,DLR0137,Toy-M107,5313843,3,DT00692,11/23/2018,11,Turner Motors,,,,
BR1983,DLR0138,Vol-M108,28686045,3,DT00693,11/24/2018,11,TVR Motors,,,,
BR1993,DLR0139,Vol-M109,9892344,3,DT00694,11/25/2018,11,UAZ Motors,,,,
BR2003,DLR0140,Vol-M110,5292186,1,DT00695,11/26/2018,11,Vauxhall Motors,,,,
BR2013,DLR0141,Agr-M111,14333481,3,DT00696,11/27/2018,11,Venturi Motors,,,,
BR2023,DLR0143,Agr-M113,7167374,2,DT00697,11/28/2018,11,Volkswagen Motors,,,,
BR2033,DLR0144,Che-M114,18846993,3,DT00698,11/29/2018,11,Volkswagen do Brasil Motors,,,,
BR2043,DLR0146,Cit-M116,24282477,3,DT00699,11/30/2018,11,Volkswagen South Africa Motors,,,,
BR2053,DLR0147,Fia-M117,16986690,2,DT00700,12/1/2018,12,Volvo Motors,,,,
BR2063,DLR0149,For-M119,7740377,1,DT00701,12/2/2018,12,Westfield Motors,,,,
BR2073,DLR0151,Mer-M121,9142867,1,DT00702,12/3/2018,12,Wiesmann Motors,,,,
BR2083,DLR0152,Mer-M122,1841594,1,DT00703,12/4/2018,12,Zastava Motors,,,,
BR2093,DLR0153,Mer-M123,1880148,1,DT00704,12/5/2018,12,ZAZ Motors,,,,
BR2103,DLR0154,Peu-M124,8376690,1,DT00705,12/6/2018,12,ZIL Motors,,,,
BR2113,DLR0155,Peu-M125,1811252,2,DT00706,12/7/2018,12,Audi Motors,,,,
BR2123,DLR0156,Peu-M126,2947608,2,DT00707,12/8/2018,12,DKW Motors,,,,
BR2133,DLR0157,Ren-M127,18843345,3,DT00708,12/9/2018,12,Horch Motors,,,,
BR2143,DLR0158,Ren-M128,14172508,2,DT00709,12/10/2018,12,Wanderer Motors,,,,
BR2153,DLR0159,Ren-M129,15234825,3,DT00710,12/11/2018,12,Maybach  Motors,,,,
BR2163,DLR0161,Ren-M131,13286568,2,DT00711,12/12/2018,12,Izh  Motors,,,,
BR2173,DLR0162,Ren-M132,4002438,1,DT00712,12/13/2018,12,Lagonda  Motors,,,,
BR2183,DLR0164,Toy-M134,27362391,3,DT00713,12/14/2018,12,MG  Motors,,,,
BR2193,DLR0165,Vol-M135,5313410,2,DT00714,12/15/2018,12,Morris  Motors,,,,
BR2203,DLR0167,Mar-M137,18789165,3,DT00715,12/16/2018,12,Austin  Motors,,,,
BR2213,DLR0169,Mar-M139,14836218,3,DT00716,12/17/2018,12,Riley  Motors,,,,
BR2223,DLR0173,Mar-M143,10866874,2,DT00717,12/18/2018,12,Wolseley  Motors,,,,
BR2233,DLR0174,Mar-M144,18752160,3,DT00718,12/19/2018,12,Standard  Motors,,,,
BR2243,DLR0175,Mar-M145,15286122,3,DT00719,12/20/2018,12,Talbot  Motors,,,,
BR2253,DLR0178,Mar-M148,16494576,2,DT00720,12/21/2018,12,Das Motors,,,,
BR2263,DLR0179,Mar-M149,28905498,3,DT00721,12/22/2018,12,Ramani Motors,,,,
BR2273,DLR0180,Mar-M150,2023916,1,DT00722,12/23/2018,12,Deccan Motors,,,,
BR2283,DLR0181,Mar-M151,9180803,1,DT00723,12/24/2018,12,Herald Motors,,,,
BR2293,DLR0182,Mar-M152,23012124,3,DT00724,12/25/2018,12,Zion Automobils,,,,
BR2303,DLR0185,Hyu-M155,3970176,2,DT00725,12/26/2018,12,Atlantic Motor Company,,,,
BR2313,DLR0186,Hyu-M156,10644934,2,DT00726,12/27/2018,12,2008 NRHP-listed,,,,
BR2323,DLR0187,Hyu-M157,11152924,2,DT00727,12/28/2018,12,Blankinship Motor Company Building,,,,
BR2333,DLR0188,Hyu-M158,5525304,3,DT00728,12/29/2018,12,Bohn Motor Company Automobile Dealership,,,,
BR2343,DLR0189,Hyu-M159,4891618,2,DT00729,12/30/2018,12,Buick Automobile Company Building,,,,
BR2353,DLR0190,Hyu-M160,6733530,2,DT00730,12/31/2018,12,Cadillac Automobile Company Building,,,,
BR2363,DLR0191,Hyu-M161,4225644,2,DT00731,1/1/2019,01,Casa de cadillac,,,,
BR2373,DLR0192,Hyu-M162,23199300,3,DT00732,1/2/2019,01,Cass Motor Sales,,,,
BR2383,DLR0193,Hyu-M163,309955,1,DT00733,1/3/2019,01,Claremore Auto Dealership,,,,
BR2393,DLR0194,Hyu-M164,9045495,3,DT00734,1/4/2019,01,Clemens Automobile Company Building,,,,
BR2403,DLR0195,Mah-M165,21878175,3,DT00735,1/5/2019,01,Colman Automotive Building,,,,
BR2413,DLR0196,Mah-M166,11402294,2,DT00736,1/6/2019,01,H Street Playhouse,,,,
BR2423,DLR0197,Mah-M167,6061880,1,DT00737,1/7/2019,01,Howard Motor Company Building,,,,
BR2433,DLR0199,Mah-M169,675100,2,DT00738,1/8/2019,01,Hupmobile Building,,,,
BR2443,DLR0200,Mah-M170,21087120,3,DT00739,1/9/2019,01,Jennings Ford Automobile Dealership,,,,
BR2453,DLR0201,Mah-M171,6932140,1,DT00740,1/10/2019,01,Jones Motor Company,,,,
BR2463,DLR0202,Mah-M172,9216580,2,DT00741,1/11/2019,01,Kindel Building,,,,
BR0004,DLR0204,Mah-M174,281016,2,DT00742,1/12/2019,01,AC Cars Motors,,,,
BR0014,DLR0205,Mah-M175,12526704,2,DT00743,1/13/2019,01,Acura Motors,,,,
BR0024,DLR0206,Mah-M176,2861778,2,DT00744,1/14/2019,01,Aixam-Mega (including Arola) Motors,,,,
BR0034,DLR0207,Mah-M177,4392538,2,DT00745,1/15/2019,01,Alfa Romeo Motors,,,,
BR0044,DLR0208,Mah-M178,22278675,3,DT00746,1/16/2019,01,Alpine Motors,,,,
BR0054,DLR0209,Tat-M179,11540160,2,DT00747,1/17/2019,01,Alvis Motors,,,,
BR0064,DLR0210,Tat-M180,17781882,3,DT00748,1/18/2019,01,"AMC, Eagle Motors",,,,
BR0074,DLR0211,Tat-M181,19005264,2,DT00749,1/19/2019,01,Anadol Motors,,,,
BR0084,DLR0213,Tat-M183,7421974,1,DT00750,1/20/2019,01,Ariel Motors,,,,
BR0094,DLR0214,Tat-M184,1879880,2,DT00751,1/21/2019,01,ARO Motors,,,,
BR0104,DLR0215,Tat-M185,14143208,2,DT00752,1/22/2019,01,Artega Motors,,,,
BR0114,DLR0216,Tat-M186,7802484,1,DT00753,1/23/2019,01,Asia Motors Motors,,,,
BR0124,DLR0217,Tat-M187,7235826,3,DT00754,1/24/2019,01,Aston Martin Motors,,,,
BR0134,DLR0218,Tat-M188,17758347,3,DT00755,1/25/2019,01,Audi Motors,,,,
BR0144,DLR0219,Tat-M189,1458843,3,DT00756,1/26/2019,01,Autobianchi Motors,,,,
BR0154,DLR0225,Toy-M195,17942361,3,DT00757,1/27/2019,01,Auto-Union Motors,,,,
BR0164,DLR0226,Toy-M196,4149040,2,DT00758,1/28/2019,01,Auverland Motors,,,,
BR0174,DLR0227,Toy-M197,7719978,2,DT00759,1/29/2019,01,Bentley Motors,,,,
BR0184,DLR0228,Toy-M198,18507800,2,DT00760,1/30/2019,01,Bitter Motors,,,,
BR0194,DLR0229,Toy-M199,8305590,3,DT00761,1/31/2019,01,BMW Motors,,,,
BR0204,DLR0231,Toy-M201,10582473,3,DT00762,2/1/2019,02,Bond Motors,,,,
BR0214,DLR0232,Toy-M202,8805045,3,DT00763,2/2/2019,02,Borgward (including Goliath and Lloyd) Motors,,,,
BR0224,DLR0233,Toy-M203,10448502,2,DT00764,2/3/2019,02,Bristol Motors,,,,
BR0234,DLR0236,Toy-M206,9393882,2,DT00765,2/4/2019,02,British Leyland Motors,,,,
BR0244,DLR0238,Ren-M208,3474317,1,DT00766,2/5/2019,02,Austin-Healey Motors,,,,
BR0254,DLR0239,Ren-M209,18836902,2,DT00767,2/6/2019,02,"Austin, Rover Motors",,,,
BR0264,DLR0240,Ren-M210,11991464,2,DT00768,2/7/2019,02,Bugatti Motors,,,,
BR0274,DLR0243,Kia-M213,7922738,2,DT00769,2/8/2019,02,Buick Motors,,,,
BR0284,DLR0244,Kia-M214,7940381,1,DT00770,2/9/2019,02,Bytom Motors,,,,
BR0294,DLR0245,Hon-M215,19174448,2,DT00771,2/10/2019,02,Cadillac Motors,,,,
BR0304,DLR0246,Hon-M216,19788891,3,DT00772,2/11/2019,02,Caterham Motors,,,,
BR0314,DLR0248,Hon-M218,4711108,2,DT00773,2/12/2019,02,Checker Motors,,,,
BR0324,DLR0249,Hon-M219,8277025,1,DT00774,2/13/2019,02,Chevrolet Motors,,,,
BR0334,DLR0250,Hon-M220,4640488,2,DT00775,2/14/2019,02,Chevrolet India Motors,,,,
BR0344,DLR0251,For-M221,5988985,1,DT00776,2/15/2019,02,Chrysler Motors,,,,
BR0354,DLR0252,For-M222,6214728,1,DT00777,2/16/2019,02,Chrysler Europe Motors,,,,
BR0364,DLR0253,For-M223,12704400,3,DT00778,2/17/2019,02,Citroën Motors,,,,
BR0374,DLR0254,For-M224,5279922,2,DT00779,2/18/2019,02,Cizeta-Moroder Motors,,,,
BR0384,DLR0255,For-M225,15724106,2,DT00780,2/19/2019,02,Dacia Motors,,,,
BR0394,DLR0256,For-M226,10711844,2,DT00781,2/20/2019,02,"Daewoo, Saehan, Chevrolet Korea Motors",,,,
BR0404,DLR0257,Aud-M227,27211653,3,DT00782,2/21/2019,02,DAF Motors,,,,
BR0414,DLR0259,Aud-M229,2362077,3,DT00783,2/22/2019,02,Daihatsu Motors,,,,
BR0424,DLR0261,Aud-M231,19790116,2,DT00784,2/23/2019,02,Daimler Motors,,,,
BR0434,DLR0262,Aud-M232,16567818,3,DT00785,2/24/2019,02,Datsun Motors,,,,
BR0444,DLR0263,Aud-M233,3450990,3,DT00786,2/25/2019,02,Delahaye Motors,,,,
BR0454,DLR0264,Aud-M234,9543745,1,DT00787,2/26/2019,02,DeLorean Motors,,,,
BR0464,DLR0265,Aud-M235,11320484,2,DT00788,2/27/2019,02,DeSoto Motors,,,,
BR0474,DLR0266,Aud-M236,8874869,1,DT00789,2/28/2019,02,De Tomaso Motors,,,,
BR0484,DLR0001,Aud-M238,1445892,3,DT00790,3/1/2019,03,Dodge Motors,,,,
BR0494,DLR0002,Aud-M239,2567426,1,DT00791,3/2/2019,03,Donkervoort Motors,,,,
BR0504,DLR0005,BMW-M242,8320334,1,DT00792,3/3/2019,03,Edsel Motors,,,,
BR0514,DLR0007,BMW-M244,7014300,3,DT00793,3/4/2019,03,e.GO Mobile Motors,,,,
BR0524,DLR0010,BMW-M247,5666828,1,DT00794,3/5/2019,03,Eicher Polaris Motors,,,,
BR0534,DLR0011,BMW-M248,2626165,1,DT00795,3/6/2019,03,Elva Motors,,,,
BR0544,DLR0013,BMW-M250,11181320,2,DT00796,3/7/2019,03,Facel Vega Motors,,,,
BR0554,DLR0014,MG-M251,16238960,2,DT00797,3/8/2019,03,Ferrari Motors,,,,
BR0564,DLR0015,MG-M252,9724176,2,DT00798,3/9/2019,03,Fiat Motors,,,,
BR0574,DLR0016,Jee-M253,2321419,1,DT00799,3/10/2019,03,Fiat do Brasil Motors,,,,
BR0584,DLR0017,Jee-M254,14113876,2,DT00800,3/11/2019,03,Fiat India Motors,,,,
BR0594,DLR0018,Vol-M255,13098728,2,DT00801,3/12/2019,03,"Fisker, Karma Motors",,,,
BR0604,DLR0019,Vol-M256,7381760,1,DT00802,3/13/2019,03,Ford America Motors,,,,
BR0614,DLR0020,Vol-M257,26065980,3,DT00803,3/14/2019,03,Ford Australia Motors,,,,
BR0624,DLR0021,Vol-M258,7205844,3,DT00804,3/15/2019,03,Ford do Brasil Motors,,,,
BR0634,DLR0022,Vol-M259,6323832,3,DT00805,3/16/2019,03,Ford Europe Motors,,,,
BR0644,DLR0023,Vol-M260,1659618,2,DT00806,3/17/2019,03,Ford India Motors,,,,
BR0654,DLR0024,Nis-M261,8956949,1,DT00807,3/18/2019,03,Freightliner Motors,,,,
BR0664,DLR0025,Nis-M262,5639958,2,DT00808,3/19/2019,03,FSO Motors,,,,
BR0674,DLR0026,Nis-M263,9672447,3,DT00809,3/20/2019,03,GAZ Motors,,,,
BR0684,DLR0027,Nis-M264,11103922,2,DT00810,3/21/2019,03,Geo Motors,,,,
BR0694,DLR0028,Nis-M265,946626,1,DT00811,3/22/2019,03,Gilbern Motors,,,,
BR0704,DLR0031,Nis-M268,2349414,3,DT00812,3/23/2019,03,Ginetta Motors,,,,
BR0714,DLR0033,Nis-M270,5501066,2,DT00813,3/24/2019,03,Glas Motors,,,,
BR0724,DLR0034,Sko-M271,15299630,2,DT00814,3/25/2019,03,GMC Motors,,,,
BR0734,DLR0035,Sko-M272,573260,1,DT00815,3/26/2019,03,GTA Spano Motors,,,,
BR0744,DLR0036,Sko-M273,6991308,2,DT00816,3/27/2019,03,Gumpert Motors,,,,
BR0754,DLR0037,Sko-M274,4594208,1,DT00817,3/28/2019,03,Healey Motors,,,,
BR0764,DLR0038,Mit-M275,6379479,3,DT00818,3/29/2019,03,Heinkel Motors,,,,
BR0774,DLR0040,Mit-M277,12731434,2,DT00819,3/30/2019,03,Hennessey Motors,,,,
BR0784,DLR0041,BMW-M1,20119176,3,DT00820,3/31/2019,03,Hillman Motors,,,,
BR0794,DLR0042,BMW-M2,12564672,3,DT00821,4/1/2019,04,Hindustan Motors,,,,
BR0804,DLR0044,BMW-M4,7034814,2,DT00822,4/2/2019,04,Holden Motors,,,,
BR0814,DLR0045,BMW-M5,3141089,1,DT00823,4/3/2019,04,Honda Motors,,,,
BR0824,DLR0046,Mer-M6,4815214,2,DT00824,4/4/2019,04,Honda India Motors,,,,
BR0834,DLR0048,Mer-M8,1681622,1,DT00825,4/5/2019,04,Hudson Motors,,,,
BR0844,DLR0050,Jee-M10,14558850,2,DT00826,4/6/2019,04,Humber Motors,,,,
BR0854,DLR0051,Jee-M11,4375707,3,DT00827,4/7/2019,04,Hummer Motors,,,,
BR0864,DLR0052,Jee-M12,6981696,3,DT00828,4/8/2019,04,Hyundai Motors,,,,
BR0874,DLR0053,Jee-M13,11820578,2,DT00829,4/9/2019,04,"IFA (including Trabant, Wartburg, Barkas) Motors",,,,
BR0884,DLR0057,For-M17,1729269,1,DT00830,4/10/2019,04,Infiniti Motors,,,,
BR0894,DLR0060,For-M20,3826662,2,DT00831,4/11/2019,04,Innocenti Motors,,,,
BR0904,DLR0061,For-M21,8119439,1,DT00832,4/12/2019,04,Invicta Motors,,,,
BR0914,DLR0063,For-M23,19571838,3,DT00833,4/13/2019,04,Isdera Motors,,,,
BR0924,DLR0064,For-M24,8184657,1,DT00834,4/14/2019,04,Iso Motors,,,,
BR0934,DLR0065,For-M25,17788070,2,DT00835,4/15/2019,04,Isotta Fraschini Motors,,,,
BR0944,DLR0066,For-M26,5109932,2,DT00836,4/16/2019,04,Isuzu Motors,,,,
BR0954,DLR0067,Lin-M27,756130,2,DT00837,4/17/2019,04,Iveco Motors,,,,
BR0964,DLR0068,Lin-M28,14722240,2,DT00838,4/18/2019,04,Jaguar Motors,,,,
BR0974,DLR0069,Lin-M29,6430716,1,DT00839,4/19/2019,04,Jeep Motors,,,,
BR0984,DLR0070,Lin-M30,3396415,1,DT00840,4/20/2019,04,Jensen Motors,,,,
BR0994,DLR0072,Cad-M32,14614923,3,DT00841,4/21/2019,04,JPX Motors,,,,
BR1004,DLR0073,Cad-M33,5345219,1,DT00842,4/22/2019,04,Kia Motors,,,,
BR1014,DLR0075,Cad-M35,11312878,2,DT00843,4/23/2019,04,Koenigsegg Motors,,,,
BR1024,DLR0076,Cad-M36,20868240,3,DT00844,4/24/2019,04,KTM Motors,,,,
BR1034,DLR0077,Cad-M37,14383581,3,DT00845,4/25/2019,04,Lada Motors,,,,
BR1044,DLR0078,Cad-M38,8234393,1,DT00846,4/26/2019,04,Lamborghini Motors,,,,
BR1054,DLR0079,Cad-M39,2785750,1,DT00847,4/27/2019,04,Lancia Motors,,,,
BR1064,DLR0080,Che-M40,7968813,1,DT00848,4/28/2019,04,Land Rover Motors,,,,
BR1074,DLR0081,Che-M41,2656854,3,DT00849,4/29/2019,04,Lexus Motors,,,,
BR1084,DLR0082,Che-M42,16927332,3,DT00850,4/30/2019,04,Ligier Motors,,,,
BR1094,DLR0083,Che-M43,5608623,3,DT00851,5/1/2019,05,Lincoln Motors,,,,
BR1104,DLR0084,Che-M44,7473819,3,DT00852,5/2/2019,05,Lotus Motors,,,,
BR1114,DLR0086,Che-M46,15077118,2,DT00853,5/3/2019,05,LTI Motors,,,,
BR1124,DLR0087,Che-M47,7622398,1,DT00854,5/4/2019,05,LuAZ Motors,,,,
BR1134,DLR0089,Che-M49,2232010,1,DT00855,5/5/2019,05,Lynx Motors,,,,
BR1144,DLR0092,GMC-M52,10283534,2,DT00856,5/6/2019,05,Mahindra Motors,,,,
BR1154,DLR0093,GMC-M53,3508984,1,DT00857,5/7/2019,05,Marcos Motors,,,,
BR1164,DLR0094,GMC-M54,8238429,3,DT00858,5/8/2019,05,Marlin Motors,,,,
BR1174,DLR0095,GMC-M55,19930602,2,DT00859,5/9/2019,05,Maruti Motors,,,,
BR1184,DLR0096,GMC-M56,19774090,2,DT00860,5/10/2019,05,Maserati Motors,,,,
BR1194,DLR0097,GMC-M57,16250655,3,DT00861,5/11/2019,05,Mastretta Motors,,,,
BR1204,DLR0099,Acu-M59,8656704,3,DT00862,5/12/2019,05,"Matra (including Deutsch-Bonnet, René Bonnet) Motors",,,,
BR1214,DLR0100,Acu-M60,3338625,3,DT00863,5/13/2019,05,Mazda Motors,,,,
BR1224,DLR0101,Acu-M61,6868940,1,DT00864,5/14/2019,05,Mazzanti Motors,,,,
BR1234,DLR0102,Acu-M62,9592556,1,DT00865,5/15/2019,05,McLaren Motors,,,,
BR1244,DLR0104,Hon-M64,18031704,2,DT00866,5/16/2019,05,Mercedes-Benz (including Maybach) Motors,,,,
BR1254,DLR0105,Hon-M65,19645278,3,DT00867,5/17/2019,05,Mercury Motors,,,,
BR1264,DLR0106,Hon-M66,12924729,3,DT00868,5/18/2019,05,Merkur Motors,,,,
BR1274,DLR0107,Hon-M67,17791749,3,DT00869,5/19/2019,05,Messerschmitt Motors,,,,
BR1284,DLR0108,Hon-M68,2569118,2,DT00870,5/20/2019,05,Mia Motors,,,,
BR1294,DLR0110,Hon-M70,13877574,2,DT00871,5/21/2019,05,Micro Motors,,,,
BR1304,DLR0111,Hon-M71,26277687,3,DT00872,5/22/2019,05,Mini Motors,,,,
BR1314,DLR0112,Hyu-M72,2145815,1,DT00873,5/23/2019,05,Mitsubishi Motors,,,,
BR1324,DLR0113,Hyu-M73,7259016,2,DT00874,5/24/2019,05,Monica Motors,,,,
BR1334,DLR0114,Hyu-M74,1988116,2,DT00875,5/25/2019,05,Monteverdi Motors,,,,
BR1344,DLR0115,Hyu-M75,15778162,2,DT00876,5/26/2019,05,Morgan Motors,,,,
BR1354,DLR0116,Kia-M76,2167212,3,DT00877,5/27/2019,05,Moskwitch Motors,,,,
BR1364,DLR0117,Kia-M77,9918502,2,DT00878,5/28/2019,05,Nash Motors,,,,
BR1374,DLR0118,Kia-M78,12487035,3,DT00879,5/29/2019,05,Naza Motors,,,,
BR1384,DLR0119,Inf-M79,1185524,2,DT00880,5/30/2019,05,Nissan Motors,,,,
BR1394,DLR0121,Nis-M81,29104182,3,DT00881,5/31/2019,05,Nissan India Motors,,,,
BR1404,DLR0123,Nis-M83,6607616,1,DT00882,6/1/2019,06,Noble Motors,,,,
BR1414,DLR0124,Nis-M84,11136476,2,DT00883,6/2/2019,06,NSU Motors,,,,
BR1424,DLR0125,Nis-M85,8087798,2,DT00884,6/3/2019,06,Oldsmobile Motors,,,,
BR1434,DLR0127,Nis-M87,5761937,1,DT00885,6/4/2019,06,Oltcit Motors,,,,
BR1444,DLR0128,Nis-M88,5248404,2,DT00886,6/5/2019,06,Opel Motors,,,,
BR1454,DLR0129,Nis-M89,8997126,3,DT00887,6/6/2019,06,Packard Motors,,,,
BR1464,DLR0130,Riv-M90,14384055,3,DT00888,6/7/2019,06,Pagani Motors,,,,
BR1474,DLR0131,Riv-M91,9851706,3,DT00889,6/8/2019,06,Panhard Motors,,,,
BR1484,DLR0132,Sub-M92,18425982,2,DT00890,6/9/2019,06,Panoz Motors,,,,
BR1494,DLR0133,Sub-M93,8790030,1,DT00891,6/10/2019,06,Panther Motors,,,,
BR1504,DLR0134,Sub-M94,8253262,2,DT00892,6/11/2019,06,Peel Motors,,,,
BR1514,DLR0136,Tes-M96,11171496,3,DT00893,6/12/2019,06,Perodua Motors,,,,
BR1524,DLR0137,Tes-M97,26413749,3,DT00894,6/13/2019,06,Peugeot Motors,,,,
BR1534,DLR0138,Tes-M98,8877463,1,DT00895,6/14/2019,06,PGO Motors,,,,
BR1544,DLR0139,Lex-M99,20577474,3,DT00896,6/15/2019,06,Piaggio Motors,,,,
BR1554,DLR0140,Toy-M100,15681306,2,DT00897,6/16/2019,06,Plymouth Motors,,,,
BR1564,DLR0143,Toy-M103,9042719,1,DT00898,6/17/2019,06,Polestar Motors,,,,
BR1574,DLR0145,Toy-M105,8064714,2,DT00899,6/18/2019,06,"Pontiac, Asüna Motors",,,,
BR1584,DLR0148,Vol-M108,17151476,2,DT00900,6/19/2019,06,Porsche Motors,,,,
BR1594,DLR0149,Vol-M109,13073782,2,DT00901,6/20/2019,06,Premier Motors,,,,
BR1604,DLR0150,Vol-M110,16770687,3,DT00902,6/21/2019,06,Proton Motors,,,,
BR1614,DLR0151,Agr-M111,18708022,2,DT00903,6/22/2019,06,Puma Motors,,,,
BR1624,DLR0152,Agr-M112,18804507,3,DT00904,6/23/2019,06,Ranger Motors,,,,
BR1634,DLR0154,Che-M114,28867227,3,DT00905,6/24/2019,06,Reliant Motors,,,,
BR1644,DLR0155,Cit-M115,17266956,2,DT00906,6/25/2019,06,Renault Motors,,,,
BR1654,DLR0156,Cit-M116,18011674,2,DT00907,6/26/2019,06,Rivian Motors,,,,
BR1664,DLR0158,Fia-M118,7855838,1,DT00908,6/27/2019,06,Rolls-Royce Motors,,,,
BR1674,DLR0159,For-M119,2413373,1,DT00909,6/28/2019,06,Saab Motors,,,,
BR1684,DLR0160,Hon-M120,19441050,2,DT00910,6/29/2019,06,SAIC Motor Motors,,,,
BR1694,DLR0161,Mer-M121,2583356,2,DT00911,6/30/2019,06,Saleen Motors,,,,
BR1704,DLR0162,Mer-M122,10879764,3,DT00912,7/1/2019,07,Samsung Motors,,,,
BR1714,DLR0165,Peu-M125,4188963,1,DT00913,7/2/2019,07,San Motors,,,,
BR1724,DLR0166,Peu-M126,23079612,3,DT00914,7/3/2019,07,Santa Matilde Motors,,,,
BR1734,DLR0168,Ren-M128,12971088,3,DT00915,7/4/2019,07,Santana Motors,,,,
BR1744,DLR0169,Ren-M129,693559,1,DT00916,7/5/2019,07,Saturn Motors,,,,
BR1754,DLR0170,Ren-M130,8445560,2,DT00917,7/6/2019,07,Scion Motors,,,,
BR1764,DLR0171,Ren-M131,7078128,1,DT00918,7/7/2019,07,Seat Motors,,,,
BR1774,DLR0173,Toy-M133,12612492,3,DT00919,7/8/2019,07,Shelby SuperCars Motors,,,,
BR1784,DLR0175,Vol-M135,7718804,1,DT00920,7/9/2019,07,Simca Motors,,,,
BR1794,DLR0176,Vol-M136,9950264,1,DT00921,7/10/2019,07,Simca do Brasil Motors,,,,
BR1804,DLR0177,Mar-M137,11543998,2,DT00922,7/11/2019,07,Singer Motors,,,,
BR1814,DLR0178,Mar-M138,14029425,3,DT00923,7/12/2019,07,Skoda Motors,,,,
BR1824,DLR0179,Mar-M139,16170344,2,DT00924,7/13/2019,07,Smart Motors,,,,
BR1834,DLR0180,Mar-M140,13271070,2,DT00925,7/14/2019,07,Spyker Motors,,,,
BR1844,DLR0181,Mar-M141,8540194,1,DT00926,7/15/2019,07,SsangYong Motors,,,,
BR1854,DLR0182,Mar-M142,2183688,1,DT00927,7/16/2019,07,Standard-Triumph Motors,,,,
BR1864,DLR0183,Mar-M143,24336876,3,DT00928,7/17/2019,07,Studebaker Motors,,,,
BR1874,DLR0184,Mar-M144,9830183,1,DT00929,7/18/2019,07,Subaru Motors,,,,
BR1884,DLR0185,Mar-M145,5461590,2,DT00930,7/19/2019,07,Sunbeam Motors,,,,
BR1894,DLR0186,Mar-M146,1457835,1,DT00931,7/20/2019,07,Suzuki Motors,,,,
BR1904,DLR0187,Mar-M147,9112182,1,DT00932,7/21/2019,07,Tata Motors,,,,
BR1914,DLR0189,Mar-M149,12944730,3,DT00933,7/22/2019,07,Tatra Motors,,,,
BR1924,DLR0190,Mar-M150,18991178,2,DT00934,7/23/2019,07,Tazzari Motors,,,,
BR1934,DLR0191,Mar-M151,19849948,2,DT00935,7/24/2019,07,Tesla Motors,,,,
BR1944,DLR0195,Hyu-M155,5978034,3,DT00936,7/25/2019,07,Tornado Motors,,,,
BR1954,DLR0196,Hyu-M156,15457020,3,DT00937,7/26/2019,07,Toyota Motors,,,,
BR1964,DLR0197,Hyu-M157,16878962,2,DT00938,7/27/2019,07,Toyota India Motors,,,,
BR1974,DLR0202,Hyu-M162,1826850,3,DT00939,7/28/2019,07,Turner Motors,,,,
BR1984,DLR0203,Hyu-M163,19924618,2,DT00940,7/29/2019,07,TVR Motors,,,,
BR1994,DLR0204,Hyu-M164,19297413,3,DT00941,7/30/2019,07,UAZ Motors,,,,
BR2004,DLR0205,Mah-M165,28208490,3,DT00942,7/31/2019,07,Vauxhall Motors,,,,
BR2014,DLR0206,Mah-M166,6614970,2,DT00943,8/1/2019,08,Venturi Motors,,,,
BR2024,DLR0207,Mah-M167,4767401,1,DT00944,8/2/2019,08,Volkswagen Motors,,,,
BR2034,DLR0208,Mah-M168,28263645,3,DT00945,8/3/2019,08,Volkswagen do Brasil Motors,,,,
BR2044,DLR0210,Mah-M170,14716257,3,DT00946,8/4/2019,08,Volkswagen South Africa Motors,,,,
BR2054,DLR0211,Mah-M171,9868520,1,DT00947,8/5/2019,08,Volvo Motors,,,,
BR2064,DLR0212,Mah-M172,9820202,1,DT00948,8/6/2019,08,Westfield Motors,,,,
BR2074,DLR0213,Mah-M173,19708557,3,DT00949,8/7/2019,08,Wiesmann Motors,,,,
BR2084,DLR0214,Mah-M174,5427166,1,DT00950,8/8/2019,08,Zastava Motors,,,,
BR2094,DLR0216,Mah-M176,9203891,1,DT00951,8/9/2019,08,ZAZ Motors,,,,
BR2104,DLR0217,Mah-M177,15240213,3,DT00952,8/10/2019,08,ZIL Motors,,,,
BR2114,DLR0218,Mah-M178,7776326,1,DT00953,8/11/2019,08,Audi Motors,,,,
BR2124,DLR0219,Tat-M179,7996640,2,DT00954,8/12/2019,08,DKW Motors,,,,
BR2134,DLR0221,Tat-M181,2295360,1,DT00955,8/13/2019,08,Horch Motors,,,,
BR2144,DLR0222,Tat-M182,16485056,2,DT00956,8/14/2019,08,Wanderer Motors,,,,
BR2154,DLR0223,Tat-M183,10765934,2,DT00957,8/15/2019,08,Maybach  Motors,,,,
BR2164,DLR0225,Tat-M185,2642509,1,DT00958,8/16/2019,08,Izh  Motors,,,,
BR2174,DLR0227,Tat-M187,21399438,3,DT00959,8/17/2019,08,Lagonda  Motors,,,,
BR2184,DLR0228,Tat-M188,7469629,1,DT00960,8/18/2019,08,MG  Motors,,,,
BR2194,DLR0229,Tat-M189,13010454,2,DT00961,8/19/2019,08,Morris  Motors,,,,
BR2204,DLR0230,Tat-M190,24662301,3,DT00962,8/20/2019,08,Austin  Motors,,,,
BR2214,DLR0231,Tat-M191,3216435,3,DT00963,8/21/2019,08,Riley  Motors,,,,
BR2224,DLR0233,Tat-M193,2525202,3,DT00964,8/22/2019,08,Wolseley  Motors,,,,
BR2234,DLR0234,Tat-M194,2842308,3,DT00965,8/23/2019,08,Standard  Motors,,,,
BR2244,DLR0235,Toy-M195,9181555,1,DT00966,8/24/2019,08,Talbot  Motors,,,,
BR2254,DLR0236,Toy-M196,8914250,1,DT00967,8/25/2019,08,Das Motors,,,,
BR2264,DLR0237,Toy-M197,5805602,1,DT00968,8/26/2019,08,Ramani Motors,,,,
BR2274,DLR0239,Toy-M199,8004269,1,DT00969,8/27/2019,08,Deccan Motors,,,,
BR2284,DLR0241,Toy-M201,2523098,2,DT00970,8/28/2019,08,Herald Motors,,,,
BR2294,DLR0242,Toy-M202,2015710,1,DT00971,8/29/2019,08,Zion Automobils,,,,
BR2304,DLR0244,Toy-M204,5885517,3,DT00972,8/30/2019,08,Atlantic Motor Company,,,,
BR2314,DLR0245,Toy-M205,12723726,2,DT00973,8/31/2019,08,2008 NRHP-listed,,,,
BR2324,DLR0246,Toy-M206,29237313,3,DT00974,9/1/2019,09,Blankinship Motor Company Building,,,,
BR2334,DLR0247,Ren-M207,7152297,3,DT00975,9/2/2019,09,Bohn Motor Company Automobile Dealership,,,,
BR2344,DLR0248,Ren-M208,8393822,1,DT00976,9/3/2019,09,Buick Automobile Company Building,,,,
BR2354,DLR0250,Ren-M210,3816910,1,DT00977,9/4/2019,09,Cadillac Automobile Company Building,,,,
BR2364,DLR0251,Ren-M211,20137029,3,DT00978,9/5/2019,09,Casa de cadillac,,,,
BR2374,DLR0252,Kia-M212,2136358,1,DT00979,9/6/2019,09,Cass Motor Sales,,,,
BR2384,DLR0253,Kia-M213,19993293,3,DT00980,9/7/2019,09,Claremore Auto Dealership,,,,
BR2394,DLR0255,Hon-M215,2688075,3,DT00981,9/8/2019,09,Clemens Automobile Company Building,,,,
BR2404,DLR0257,Hon-M217,15763710,2,DT00982,9/9/2019,09,Colman Automotive Building,,,,
BR2414,DLR0258,Hon-M218,20585610,3,DT00983,9/10/2019,09,H Street Playhouse,,,,
BR2424,DLR0259,Hon-M219,29960037,3,DT00984,9/11/2019,09,Howard Motor Company Building,,,,
BR2434,DLR0261,For-M221,18848868,2,DT00985,9/12/2019,09,Hupmobile Building,,,,
BR2444,DLR0262,For-M222,9899360,1,DT00986,9/13/2019,09,Jennings Ford Automobile Dealership,,,,
BR2454,DLR0263,For-M223,3796026,3,DT00987,9/14/2019,09,Jones Motor Company,,,,
BR2464,DLR0265,For-M225,5408464,1,DT00988,9/15/2019,09,Kindel Building,,,,
BR0005,DLR0266,For-M226,1832463,1,DT00989,9/16/2019,09,AC Cars Motors,,,,
BR0015,DLR0267,Aud-M227,389981,1,DT00990,9/17/2019,09,Acura Motors,,,,
BR0025,DLR0001,Aud-M228,5184332,1,DT00991,9/18/2019,09,Aixam-Mega (including Arola) Motors,,,,
BR0035,DLR0002,Aud-M229,4383190,2,DT00992,9/19/2019,09,Alfa Romeo Motors,,,,
BR0045,DLR0003,Aud-M230,481608,3,DT00993,9/20/2019,09,Alpine Motors,,,,
BR0055,DLR0004,Aud-M231,6037333,1,DT00994,9/21/2019,09,Alvis Motors,,,,
BR0065,DLR0005,Aud-M232,2942646,2,DT00995,9/22/2019,09,"AMC, Eagle Motors",,,,
BR0075,DLR0006,Aud-M233,3583528,2,DT00996,9/23/2019,09,Anadol Motors,,,,
BR0085,DLR0007,Aud-M234,19516300,2,DT00997,9/24/2019,09,Ariel Motors,,,,
BR0095,DLR0008,Aud-M235,1962018,2,DT00998,9/25/2019,09,ARO Motors,,,,
BR0105,DLR0009,Aud-M236,14356532,2,DT00999,9/26/2019,09,Artega Motors,,,,
BR0115,DLR0010,Aud-M237,28109448,3,DT01000,9/27/2019,09,Asia Motors Motors,,,,
BR0125,DLR0011,Aud-M238,8242881,3,DT01001,9/28/2019,09,Aston Martin Motors,,,,
BR0135,DLR0014,Aud-M241,8995284,3,DT01002,9/29/2019,09,Audi Motors,,,,
BR0145,DLR0015,BMW-M242,834966,1,DT01003,9/30/2019,09,Autobianchi Motors,,,,
BR0155,DLR0017,BMW-M244,6274137,1,DT01004,10/1/2019,10,Auto-Union Motors,,,,
BR0165,DLR0018,BMW-M245,1996244,1,DT01005,10/2/2019,10,Auverland Motors,,,,
BR0175,DLR0020,BMW-M247,18775617,3,DT01006,10/3/2019,10,Bentley Motors,,,,
BR0185,DLR0022,BMW-M249,17412957,3,DT01007,10/4/2019,10,Bitter Motors,,,,
BR0195,DLR0023,BMW-M250,3669774,1,DT01008,10/5/2019,10,BMW Motors,,,,
BR0205,DLR0024,MG-M251,1355190,2,DT01009,10/6/2019,10,Bond Motors,,,,
BR0215,DLR0025,MG-M252,3552093,3,DT01010,10/7/2019,10,Borgward (including Goliath and Lloyd) Motors,,,,
BR0225,DLR0026,Jee-M253,13876546,2,DT01011,10/8/2019,10,Bristol Motors,,,,
BR0235,DLR0029,Vol-M256,471533,1,DT01012,10/9/2019,10,British Leyland Motors,,,,
BR0245,DLR0030,Vol-M257,14482858,2,DT01013,10/10/2019,10,Austin-Healey Motors,,,,
BR0255,DLR0031,Vol-M258,11927904,3,DT01014,10/11/2019,10,"Austin, Rover Motors",,,,
BR0265,DLR0032,Vol-M259,16886348,2,DT01015,10/12/2019,10,Bugatti Motors,,,,
BR0275,DLR0033,Vol-M260,19550380,2,DT01016,10/13/2019,10,Buick Motors,,,,
BR0285,DLR0034,Nis-M261,17277864,3,DT01017,10/14/2019,10,Bytom Motors,,,,
BR0295,DLR0035,Nis-M262,18919476,2,DT01018,10/15/2019,10,Cadillac Motors,,,,
BR0305,DLR0036,Nis-M263,16518360,2,DT01019,10/16/2019,10,Caterham Motors,,,,
BR0315,DLR0038,Nis-M265,9128122,2,DT01020,10/17/2019,10,Checker Motors,,,,
BR0325,DLR0039,Nis-M266,22319748,3,DT01021,10/18/2019,10,Chevrolet Motors,,,,
BR0335,DLR0041,Nis-M268,7003696,1,DT01022,10/19/2019,10,Chevrolet India Motors,,,,
BR0345,DLR0042,Nis-M269,4068964,1,DT01023,10/20/2019,10,Chrysler Motors,,,,
BR0355,DLR0044,Sko-M271,17998402,2,DT01024,10/21/2019,10,Chrysler Europe Motors,,,,
BR0365,DLR0045,Sko-M272,18672717,3,DT01025,10/22/2019,10,Citroën Motors,,,,
BR0375,DLR0046,Sko-M273,6318758,2,DT01026,10/23/2019,10,Cizeta-Moroder Motors,,,,
BR0385,DLR0047,Sko-M274,5507437,1,DT01027,10/24/2019,10,Dacia Motors,,,,
BR0395,DLR0048,Mit-M275,2528334,2,DT01028,10/25/2019,10,"Daewoo, Saehan, Chevrolet Korea Motors",,,,
BR0405,DLR0049,Mit-M276,3302523,1,DT01029,10/26/2019,10,DAF Motors,,,,
BR0415,DLR0050,Mit-M277,19257888,3,DT01030,10/27/2019,10,Daihatsu Motors,,,,
BR0425,DLR0052,BMW-M2,27599916,3,DT01031,10/28/2019,10,Daimler Motors,,,,
BR0435,DLR0053,BMW-M3,3120257,1,DT01032,10/29/2019,10,Datsun Motors,,,,
BR0445,DLR0054,BMW-M4,7038770,2,DT01033,10/30/2019,10,Delahaye Motors,,,,
BR0455,DLR0055,BMW-M5,310377,1,DT01034,10/31/2019,10,DeLorean Motors,,,,
BR0465,DLR0056,Mer-M6,13147494,3,DT01035,11/1/2019,11,DeSoto Motors,,,,
BR0475,DLR0058,Mer-M8,6880572,3,DT01036,11/2/2019,11,De Tomaso Motors,,,,
BR0485,DLR0059,Dod-M9,14054108,2,DT01037,11/3/2019,11,Dodge Motors,,,,
BR0495,DLR0060,Jee-M10,7223451,1,DT01038,11/4/2019,11,Donkervoort Motors,,,,
BR0505,DLR0062,Jee-M12,22093020,3,DT01039,11/5/2019,11,Edsel Motors,,,,
BR0515,DLR0063,Jee-M13,22372413,3,DT01040,11/6/2019,11,e.GO Mobile Motors,,,,
BR0525,DLR0064,Ram-M14,3249720,2,DT01041,11/7/2019,11,Eicher Polaris Motors,,,,
BR0535,DLR0065,Ram-M15,6149964,3,DT01042,11/8/2019,11,Elva Motors,,,,
BR0545,DLR0067,For-M17,1826432,1,DT01043,11/9/2019,11,Facel Vega Motors,,,,
BR0555,DLR0068,For-M18,1287088,1,DT01044,11/10/2019,11,Ferrari Motors,,,,
BR0565,DLR0069,For-M19,19539196,2,DT01045,11/11/2019,11,Fiat Motors,,,,
BR0575,DLR0070,For-M20,14208710,2,DT01046,11/12/2019,11,Fiat do Brasil Motors,,,,
BR0585,DLR0071,For-M21,14538244,2,DT01047,11/13/2019,11,Fiat India Motors,,,,
BR0595,DLR0073,For-M23,14987548,2,DT01048,11/14/2019,11,"Fisker, Karma Motors",,,,
BR0605,DLR0074,For-M24,17253633,3,DT01049,11/15/2019,11,Ford America Motors,,,,
BR0615,DLR0075,For-M25,6639066,2,DT01050,11/16/2019,11,Ford Australia Motors,,,,
BR0625,DLR0076,For-M26,1784735,1,DT01051,11/17/2019,11,Ford do Brasil Motors,,,,
BR0635,DLR0077,Lin-M27,3027222,1,DT01052,11/18/2019,11,Ford Europe Motors,,,,
BR0645,DLR0078,Lin-M28,7448026,2,DT01053,11/19/2019,11,Ford India Motors,,,,
BR0655,DLR0079,Lin-M29,18270696,3,DT01054,11/20/2019,11,Freightliner Motors,,,,
BR0665,DLR0080,Lin-M30,1331514,2,DT01055,11/21/2019,11,FSO Motors,,,,
BR0675,DLR0081,Bui-M31,18667524,2,DT01056,11/22/2019,11,GAZ Motors,,,,
BR0685,DLR0084,Cad-M34,5803186,2,DT01057,11/23/2019,11,Geo Motors,,,,
BR0695,DLR0086,Cad-M36,4118441,1,DT01058,11/24/2019,11,Gilbern Motors,,,,
BR0705,DLR0089,Cad-M39,6676518,3,DT01059,11/25/2019,11,Ginetta Motors,,,,
BR0715,DLR0091,Che-M41,341128,2,DT01060,11/26/2019,11,Glas Motors,,,,
BR0725,DLR0092,Che-M42,14865483,3,DT01061,11/27/2019,11,GMC Motors,,,,
BR0735,DLR0093,Che-M43,18326772,2,DT01062,11/28/2019,11,GTA Spano Motors,,,,
BR0745,DLR0094,Che-M44,3413709,3,DT01063,11/29/2019,11,Gumpert Motors,,,,
BR0755,DLR0095,Che-M45,8817572,1,DT01064,11/30/2019,11,Healey Motors,,,,
BR0765,DLR0096,Che-M46,8765382,1,DT01065,12/1/2019,12,Heinkel Motors,,,,
BR0775,DLR0098,Che-M48,11941370,2,DT01066,12/2/2019,12,Hennessey Motors,,,,
BR0785,DLR0100,Che-M50,4533018,3,DT01067,12/3/2019,12,Hillman Motors,,,,
BR0795,DLR0101,Che-M51,9179190,3,DT01068,12/4/2019,12,Hindustan Motors,,,,
BR0805,DLR0103,GMC-M53,17232402,2,DT01069,12/5/2019,12,Holden Motors,,,,
BR0815,DLR0104,GMC-M54,8025442,2,DT01070,12/6/2019,12,Honda Motors,,,,
BR0825,DLR0105,GMC-M55,7964170,2,DT01071,12/7/2019,12,Honda India Motors,,,,
BR0835,DLR0106,GMC-M56,19630850,2,DT01072,12/8/2019,12,Hudson Motors,,,,
BR0845,DLR0107,GMC-M57,8636598,2,DT01073,12/9/2019,12,Humber Motors,,,,
BR0855,DLR0109,Acu-M59,12894642,3,DT01074,12/10/2019,12,Hummer Motors,,,,
BR0865,DLR0111,Acu-M61,3510889,1,DT01075,12/11/2019,12,Hyundai Motors,,,,
BR0875,DLR0112,Acu-M62,10668876,2,DT01076,12/12/2019,12,"IFA (including Trabant, Wartburg, Barkas) Motors",,,,
BR0885,DLR0114,Hon-M64,8184342,1,DT01077,12/13/2019,12,Infiniti Motors,,,,
BR0895,DLR0116,Hon-M66,2525831,1,DT01078,12/14/2019,12,Innocenti Motors,,,,
BR0905,DLR0117,Hon-M67,9155025,3,DT01079,12/15/2019,12,Invicta Motors,,,,
BR0915,DLR0118,Hon-M68,14888976,3,DT01080,12/16/2019,12,Isdera Motors,,,,
BR0925,DLR0119,Hon-M69,22958067,3,DT01081,12/17/2019,12,Iso Motors,,,,
BR0935,DLR0122,Hyu-M72,2488763,1,DT01082,12/18/2019,12,Isotta Fraschini Motors,,,,
BR0945,DLR0123,Hyu-M73,2594596,1,DT01083,12/19/2019,12,Isuzu Motors,,,,
BR0955,DLR0124,Hyu-M74,5609846,2,DT01084,12/20/2019,12,Iveco Motors,,,,
BR0965,DLR0126,Kia-M76,7842499,1,DT01085,12/21/2019,12,Jaguar Motors,,,,
BR0975,DLR0127,Kia-M77,5798275,1,DT01086,12/22/2019,12,Jeep Motors,,,,
BR0985,DLR0128,Kia-M78,1011480,2,DT01087,12/23/2019,12,Jensen Motors,,,,
BR0995,DLR0129,Inf-M79,2298897,3,DT01088,12/24/2019,12,JPX Motors,,,,
BR1005,DLR0130,Nis-M80,16207740,3,DT01089,12/25/2019,12,Kia Motors,,,,
BR1015,DLR0131,Nis-M81,15426514,2,DT01090,12/26/2019,12,Koenigsegg Motors,,,,
BR1025,DLR0133,Nis-M83,5885097,3,DT01091,12/27/2019,12,KTM Motors,,,,
BR1035,DLR0134,Nis-M84,4328047,1,DT01092,12/28/2019,12,Lada Motors,,,,
BR1045,DLR0135,Nis-M85,4067332,1,DT01093,12/29/2019,12,Lamborghini Motors,,,,
BR1055,DLR0136,Nis-M86,19215370,2,DT01094,12/30/2019,12,Lancia Motors,,,,
BR1065,DLR0137,Nis-M87,4002375,3,DT01095,12/31/2019,12,Land Rover Motors,,,,
BR1075,DLR0138,Nis-M88,21753009,3,DT01096,1/1/2020,01,Lexus Motors,,,,
BR1085,DLR0141,Riv-M91,902716,2,DT01097,1/2/2020,01,Ligier Motors,,,,
BR1095,DLR0143,Sub-M93,11154554,2,DT01098,1/3/2020,01,Lincoln Motors,,,,
BR1105,DLR0144,Sub-M94,9566388,2,DT01099,1/4/2020,01,Lotus Motors,,,,
BR1115,DLR0145,Sub-M95,11159985,3,DT01100,1/5/2020,01,LTI Motors,,,,
BR1125,DLR0146,Tes-M96,13963694,2,DT01101,1/6/2020,01,LuAZ Motors,,,,
BR1135,DLR0147,Tes-M97,18803154,3,DT01102,1/7/2020,01,Lynx Motors,,,,
BR1145,DLR0149,Lex-M99,5059144,2,DT01103,1/8/2020,01,Mahindra Motors,,,,
BR1155,DLR0150,Toy-M100,6594996,3,DT01104,1/9/2020,01,Marcos Motors,,,,
BR1165,DLR0151,Toy-M101,7525079,1,DT01105,1/10/2020,01,Marlin Motors,,,,
BR1175,DLR0152,Toy-M102,3120075,1,DT01106,1/11/2020,01,Maruti Motors,,,,
BR1185,DLR0153,Toy-M103,3735254,2,DT01107,1/12/2020,01,Maserati Motors,,,,
BR1195,DLR0154,Toy-M104,26303979,3,DT01108,1/13/2020,01,Mastretta Motors,,,,
BR1205,DLR0155,Toy-M105,9867107,1,DT01109,1/14/2020,01,"Matra (including Deutsch-Bonnet, René Bonnet) Motors",,,,
BR1215,DLR0156,Toy-M106,17859966,3,DT01110,1/15/2020,01,Mazda Motors,,,,
BR1225,DLR0159,Vol-M109,2968140,3,DT01111,1/16/2020,01,Mazzanti Motors,,,,
BR1235,DLR0160,Vol-M110,20375646,3,DT01112,1/17/2020,01,McLaren Motors,,,,
BR1245,DLR0167,Fia-M117,725867,1,DT01113,1/18/2020,01,Mercedes-Benz (including Maybach) Motors,,,,
BR1255,DLR0169,For-M119,10376068,2,DT01114,1/19/2020,01,Mercury Motors,,,,
BR1265,DLR0170,Hon-M120,18432684,2,DT01115,1/20/2020,01,Merkur Motors,,,,
BR1275,DLR0171,Mer-M121,1862934,2,DT01116,1/21/2020,01,Messerschmitt Motors,,,,
BR1285,DLR0172,Mer-M122,29679627,3,DT01117,1/22/2020,01,Mia Motors,,,,
BR1295,DLR0174,Peu-M124,5701857,3,DT01118,1/23/2020,01,Micro Motors,,,,
BR1305,DLR0175,Peu-M125,6271023,3,DT01119,1/24/2020,01,Mini Motors,,,,
BR1315,DLR0177,Ren-M127,2855670,3,DT01120,1/25/2020,01,Mitsubishi Motors,,,,
BR1325,DLR0179,Ren-M129,7980454,2,DT01121,1/26/2020,01,Monica Motors,,,,
BR1335,DLR0181,Ren-M131,13498826,2,DT01122,1/27/2020,01,Monteverdi Motors,,,,
BR1345,DLR0182,Ren-M132,809825,1,DT01123,1/28/2020,01,Morgan Motors,,,,
BR1355,DLR0183,Toy-M133,2136798,2,DT01124,1/29/2020,01,Moskwitch Motors,,,,
BR1365,DLR0184,Toy-M134,16953594,2,DT01125,1/30/2020,01,Nash Motors,,,,
BR1375,DLR0186,Vol-M136,8465856,1,DT01126,1/31/2020,01,Naza Motors,,,,
BR1385,DLR0187,Mar-M137,6771021,3,DT01127,2/1/2020,02,Nissan Motors,,,,
BR1395,DLR0188,Mar-M138,18944259,3,DT01128,2/2/2020,02,Nissan India Motors,,,,
BR1405,DLR0189,Mar-M139,4192176,1,DT01129,2/3/2020,02,Noble Motors,,,,
BR1415,DLR0190,Mar-M140,9894550,1,DT01130,2/4/2020,02,NSU Motors,,,,
BR1425,DLR0192,Mar-M142,6106050,2,DT01131,2/5/2020,02,Oldsmobile Motors,,,,
BR1435,DLR0193,Mar-M143,28280070,3,DT01132,2/6/2020,02,Oltcit Motors,,,,
BR1445,DLR0195,Mar-M145,16191680,2,DT01133,2/7/2020,02,Opel Motors,,,,
BR1455,DLR0196,Mar-M146,16722777,3,DT01134,2/8/2020,02,Packard Motors,,,,
BR1465,DLR0197,Mar-M147,8911209,1,DT01135,2/9/2020,02,Pagani Motors,,,,
BR1475,DLR0199,Mar-M149,797190,2,DT01136,2/10/2020,02,Panhard Motors,,,,
BR1485,DLR0200,Mar-M150,2783942,2,DT01137,2/11/2020,02,Panoz Motors,,,,
BR1495,DLR0201,Mar-M151,1887134,2,DT01138,2/12/2020,02,Panther Motors,,,,
BR1505,DLR0204,Hyu-M154,3528405,1,DT01139,2/13/2020,02,Peel Motors,,,,
BR1515,DLR0205,Hyu-M155,6933494,1,DT01140,2/14/2020,02,Perodua Motors,,,,
BR1525,DLR0208,Hyu-M158,13525848,2,DT01141,2/15/2020,02,Peugeot Motors,,,,
BR1535,DLR0209,Hyu-M159,24713088,3,DT01142,2/16/2020,02,PGO Motors,,,,
BR1545,DLR0210,Hyu-M160,7651808,1,DT01143,2/17/2020,02,Piaggio Motors,,,,
BR1555,DLR0211,Hyu-M161,3954015,3,DT01144,2/18/2020,02,Plymouth Motors,,,,
BR1565,DLR0212,Hyu-M162,1334466,1,DT01145,2/19/2020,02,Polestar Motors,,,,
BR1575,DLR0213,Hyu-M163,27226500,3,DT01146,2/20/2020,02,"Pontiac, Asüna Motors",,,,
BR1585,DLR0214,Hyu-M164,12290682,2,DT01147,2/21/2020,02,Porsche Motors,,,,
BR1595,DLR0216,Mah-M166,3111980,2,DT01148,2/22/2020,02,Premier Motors,,,,
BR1605,DLR0217,Mah-M167,14231444,2,DT01149,2/23/2020,02,Proton Motors,,,,
BR1615,DLR0218,Mah-M168,6895348,1,DT01150,2/24/2020,02,Puma Motors,,,,
BR1625,DLR0219,Mah-M169,2346754,1,DT01151,2/25/2020,02,Ranger Motors,,,,
BR1635,DLR0220,Mah-M170,17938848,3,DT01152,2/26/2020,02,Reliant Motors,,,,
BR1645,DLR0222,Mah-M172,5314854,3,DT01153,2/27/2020,02,Renault Motors,,,,
BR1655,DLR0223,Mah-M173,1437634,1,DT01154,2/28/2020,02,Rivian Motors,,,,
BR1665,DLR0224,Mah-M174,4358908,2,DT01155,2/29/2020,02,Rolls-Royce Motors,,,,
BR1675,DLR0226,Mah-M176,2805178,1,DT01156,3/1/2020,03,Saab Motors,,,,
BR1685,DLR0227,Mah-M177,8396297,1,DT01157,3/2/2020,03,SAIC Motor Motors,,,,
BR1695,DLR0228,Mah-M178,5712936,2,DT01158,3/3/2020,03,Saleen Motors,,,,
BR1705,DLR0229,Tat-M179,8465900,1,DT01159,3/4/2020,03,Samsung Motors,,,,
BR1715,DLR0230,Tat-M180,3946992,2,DT01160,3/5/2020,03,San Motors,,,,
BR1725,DLR0231,Tat-M181,9116480,1,DT01161,3/6/2020,03,Santa Matilde Motors,,,,
BR1735,DLR0233,Tat-M183,8238927,1,DT01162,3/7/2020,03,Santana Motors,,,,
BR1745,DLR0234,Tat-M184,255660,1,DT01163,3/8/2020,03,Saturn Motors,,,,
BR1755,DLR0235,Tat-M185,24145992,3,DT01164,3/9/2020,03,Scion Motors,,,,
BR1765,DLR0237,Tat-M187,7940970,2,DT01165,3/10/2020,03,Seat Motors,,,,
BR1775,DLR0238,Tat-M188,4438278,2,DT01166,3/11/2020,03,Shelby SuperCars Motors,,,,
BR1785,DLR0239,Tat-M189,17029410,3,DT01167,3/12/2020,03,Simca Motors,,,,
BR1795,DLR0240,Tat-M190,4010877,1,DT01168,3/13/2020,03,Simca do Brasil Motors,,,,
BR1805,DLR0242,Tat-M192,3118018,2,DT01169,3/14/2020,03,Singer Motors,,,,
BR1815,DLR0244,Tat-M194,1911273,3,DT01170,3/15/2020,03,Skoda Motors,,,,
BR1825,DLR0246,Toy-M196,13406360,2,DT01171,3/16/2020,03,Smart Motors,,,,
BR1835,DLR0247,Toy-M197,2021596,2,DT01172,3/17/2020,03,Spyker Motors,,,,
BR1845,DLR0249,Toy-M199,16918773,3,DT01173,3/18/2020,03,SsangYong Motors,,,,
BR1855,DLR0250,Toy-M200,17649146,2,DT01174,3/19/2020,03,Standard-Triumph Motors,,,,
BR1865,DLR0251,Toy-M201,7217151,3,DT01175,3/20/2020,03,Studebaker Motors,,,,
BR1875,DLR0252,Toy-M202,8097915,3,DT01176,3/21/2020,03,Subaru Motors,,,,
BR1885,DLR0254,Toy-M204,12080535,3,DT01177,3/22/2020,03,Sunbeam Motors,,,,
BR1895,DLR0255,Toy-M205,3951769,1,DT01178,3/23/2020,03,Suzuki Motors,,,,
BR1905,DLR0256,Toy-M206,1512679,1,DT01179,3/24/2020,03,Tata Motors,,,,
BR1915,DLR0258,Ren-M208,4359082,1,DT01180,3/25/2020,03,Tatra Motors,,,,
BR1925,DLR0259,Ren-M209,3086199,3,DT01181,3/26/2020,03,Tazzari Motors,,,,
BR1935,DLR0260,Ren-M210,20558646,3,DT01182,3/27/2020,03,Tesla Motors,,,,
BR1945,DLR0261,Ren-M211,10784660,2,DT01183,3/28/2020,03,Tornado Motors,,,,
BR1955,DLR0262,Kia-M212,17356910,2,DT01184,3/29/2020,03,Toyota Motors,,,,
BR1965,DLR0263,Kia-M213,4808656,2,DT01185,3/30/2020,03,Toyota India Motors,,,,
BR1975,DLR0264,Kia-M214,17273871,3,DT01186,3/31/2020,03,Turner Motors,,,,
BR1985,DLR0265,Hon-M215,7818633,3,DT01187,4/1/2020,04,TVR Motors,,,,
BR1995,DLR0267,Hon-M217,15725676,3,DT01188,4/2/2020,04,UAZ Motors,,,,
BR2005,DLR0001,Hon-M218,20098230,3,DT01189,4/3/2020,04,Vauxhall Motors,,,,
BR2015,DLR0002,Hon-M219,1171358,1,DT01190,4/4/2020,04,Venturi Motors,,,,
BR2025,DLR0003,Hon-M220,8153345,1,DT01191,4/5/2020,04,Volkswagen Motors,,,,
BR2035,DLR0005,For-M222,2503041,1,DT01192,4/6/2020,04,Volkswagen do Brasil Motors,,,,
BR2045,DLR0007,For-M224,4852780,1,DT01193,4/7/2020,04,Volkswagen South Africa Motors,,,,
BR2055,DLR0008,For-M225,8105433,3,DT01194,4/8/2020,04,Volvo Motors,,,,
BR2065,DLR0009,For-M226,6950547,1,DT01195,4/9/2020,04,Westfield Motors,,,,
BR2075,DLR0011,Aud-M228,13947848,2,DT01196,4/10/2020,04,Wiesmann Motors,,,,
BR2085,DLR0012,Aud-M229,14458628,2,DT01197,4/11/2020,04,Zastava Motors,,,,
BR2095,DLR0015,Aud-M232,8461623,1,DT01198,4/12/2020,04,ZAZ Motors,,,,
BR2105,DLR0018,Aud-M235,23525034,3,DT01199,4/13/2020,04,ZIL Motors,,,,
BR2115,DLR0020,Aud-M237,798371,1,DT01200,4/14/2020,04,Audi Motors,,,,
BR2125,DLR0021,Aud-M238,616018,2,DT01201,4/15/2020,04,DKW Motors,,,,
BR2135,DLR0022,Aud-M239,18812372,2,DT01202,4/16/2020,04,Horch Motors,,,,
BR2145,DLR0025,BMW-M242,27486141,3,DT01203,4/17/2020,04,Wanderer Motors,,,,
BR2155,DLR0026,BMW-M243,19645242,3,DT01204,4/18/2020,04,Maybach  Motors,,,,
BR2165,DLR0027,BMW-M244,10043608,2,DT01205,4/19/2020,04,Izh  Motors,,,,
BR2175,DLR0028,BMW-M245,6392002,2,DT01206,4/20/2020,04,Lagonda  Motors,,,,
BR2185,DLR0031,BMW-M248,19477396,2,DT01207,4/21/2020,04,MG  Motors,,,,
BR2195,DLR0033,BMW-M250,5028079,1,DT01208,4/22/2020,04,Morris  Motors,,,,
BR2205,DLR0035,MG-M252,8513511,1,DT01209,4/23/2020,04,Austin  Motors,,,,
BR2215,DLR0036,Jee-M253,6605147,1,DT01210,4/24/2020,04,Riley  Motors,,,,
BR2225,DLR0037,Jee-M254,14125293,3,DT01211,4/25/2020,04,Wolseley  Motors,,,,
BR2235,DLR0038,Vol-M255,672494,1,DT01212,4/26/2020,04,Standard  Motors,,,,
BR2245,DLR0040,Vol-M257,1862253,1,DT01213,4/27/2020,04,Talbot  Motors,,,,
BR2255,DLR0042,Vol-M259,2398282,2,DT01214,4/28/2020,04,Das Motors,,,,
BR2265,DLR0044,Nis-M261,1966407,1,DT01215,4/29/2020,04,Ramani Motors,,,,
BR2275,DLR0045,Nis-M262,19984848,2,DT01216,4/30/2020,04,Deccan Motors,,,,
BR2285,DLR0046,Nis-M263,12520536,2,DT01217,5/1/2020,05,Herald Motors,,,,
BR2295,DLR0047,Nis-M264,1418879,1,DT01218,5/2/2020,05,Zion Automobils,,,,
BR2305,DLR0048,Nis-M265,3744641,1,DT01219,5/3/2020,05,Atlantic Motor Company,,,,
BR2315,DLR0049,Nis-M266,6453537,3,DT01220,5/4/2020,05,2008 NRHP-listed,,,,
BR2325,DLR0050,Nis-M267,16504464,3,DT01221,5/5/2020,05,Blankinship Motor Company Building,,,,
BR2335,DLR0052,Nis-M269,7134171,3,DT01222,5/6/2020,05,Bohn Motor Company Automobile Dealership,,,,
BR2345,DLR0053,Nis-M270,11337774,2,DT01223,5/7/2020,05,Buick Automobile Company Building,,,,
BR2355,DLR0054,Sko-M271,28847274,3,DT01224,5/8/2020,05,Cadillac Automobile Company Building,,,,
BR2365,DLR0055,Sko-M272,5889531,3,DT01225,5/9/2020,05,Casa de cadillac,,,,
BR2375,DLR0056,Sko-M273,9245748,1,DT01226,5/10/2020,05,Cass Motor Sales,,,,
BR2385,DLR0058,Mit-M275,13058781,3,DT01227,5/11/2020,05,Claremore Auto Dealership,,,,
BR2395,DLR0059,Mit-M276,8270331,1,DT01228,5/12/2020,05,Clemens Automobile Company Building,,,,
BR2405,DLR0060,Mit-M277,6803236,2,DT01229,5/13/2020,05,Colman Automotive Building,,,,
BR2415,DLR0061,BMW-M1,110318,1,DT01230,5/14/2020,05,H Street Playhouse,,,,
BR2425,DLR0063,BMW-M3,18880437,3,DT01231,5/15/2020,05,Howard Motor Company Building,,,,
BR2435,DLR0064,BMW-M4,5822465,1,DT01232,5/16/2020,05,Hupmobile Building,,,,
BR2445,DLR0065,BMW-M5,13403368,2,DT01233,5/17/2020,05,Jennings Ford Automobile Dealership,,,,
BR2455,DLR0067,Mer-M7,14208170,2,DT01234,5/18/2020,05,Jones Motor Company,,,,
BR2465,DLR0068,Mer-M8,5502771,1,DT01235,5/19/2020,05,Kindel Building,,,,
BR0006,DLR0069,Dod-M9,28322907,3,DT01236,5/20/2020,05,AC Cars Motors,,,,
BR0066,DLR0070,Jee-M10,7370323,1,DT01237,5/21/2020,05,Acura Motors,,,,
BR0126,DLR0072,Jee-M12,24232686,3,DT01238,5/22/2020,05,Aixam-Mega (including Arola) Motors,,,,
BR0186,DLR0073,Jee-M13,10997361,3,DT01239,5/23/2020,05,Alfa Romeo Motors,,,,
BR0246,DLR0074,Ram-M14,7504486,2,DT01240,5/24/2020,05,Alpine Motors,,,,
BR0306,DLR0075,Ram-M15,8652050,1,DT01241,5/25/2020,05,Alvis Motors,,,,
BR0366,DLR0076,For-M16,1905414,2,DT01242,5/26/2020,05,"AMC, Eagle Motors",,,,
BR0426,DLR0077,For-M17,12790714,2,DT01243,5/27/2020,05,Anadol Motors,,,,
BR0486,DLR0078,For-M18,13301616,3,DT01244,5/28/2020,05,Ariel Motors,,,,
BR0546,DLR0079,For-M19,5928623,1,DT01245,5/29/2020,05,ARO Motors,,,,
BR0606,DLR0081,For-M21,15373923,3,DT01246,5/30/2020,05,Artega Motors,,,,
BR0666,DLR0082,For-M22,11257083,3,DT01247,5/31/2020,05,Asia Motors Motors,,,,
BR0726,DLR0083,For-M23,27373935,3,,,,Aston Martin Motors,,,,
BR0786,DLR0084,For-M24,8358033,1,,,,Audi Motors,,,,
BR0846,DLR0085,For-M25,26346189,3,,,,Autobianchi Motors,,,,
BR0906,DLR0086,For-M26,12706496,2,,,,Auto-Union Motors,,,,
BR0966,DLR0087,Lin-M27,25757136,3,,,,Auverland Motors,,,,
BR1026,DLR0088,Lin-M28,7074852,1,,,,Bentley Motors,,,,
BR1086,DLR0089,Lin-M29,26693064,3,,,,Bitter Motors,,,,
BR1146,DLR0090,Lin-M30,26242311,3,,,,BMW Motors,,,,
BR1206,DLR0091,Bui-M31,319035,3,,,,Bond Motors,,,,
BR1266,DLR0092,Cad-M32,17715573,3,,,,Borgward (including Goliath and Lloyd) Motors,,,,
BR1326,DLR0094,Cad-M34,19753406,2,,,,Bristol Motors,,,,
BR1386,DLR0095,Cad-M35,3814214,1,,,,British Leyland Motors,,,,
BR1446,DLR0096,Cad-M36,9656742,1,,,,Austin-Healey Motors,,,,
BR1506,DLR0097,Cad-M37,11823756,3,,,,"Austin, Rover Motors",,,,
BR1566,DLR0098,Cad-M38,1107889,1,,,,Bugatti Motors,,,,
BR1626,DLR0099,Cad-M39,554686,2,,,,Buick Motors,,,,
BR1686,DLR0100,Che-M40,7974634,2,,,,Bytom Motors,,,,
BR1746,DLR0101,Che-M41,5710352,1,,,,Cadillac Motors,,,,
BR1806,DLR0102,Che-M42,3453486,3,,,,Caterham Motors,,,,
BR1866,DLR0104,Che-M44,6961332,3,,,,Checker Motors,,,,
BR1926,DLR0105,Che-M45,4942804,2,,,,Chevrolet Motors,,,,
BR1986,DLR0107,Che-M47,7556174,2,,,,Chevrolet India Motors,,,,
BR2046,DLR0108,Che-M48,12594525,3,,,,Chrysler Motors,,,,
BR2106,DLR0109,Che-M49,8888376,3,,,,Chrysler Europe Motors,,,,
BR2166,DLR0110,Che-M50,11484212,2,,,,Citroën Motors,,,,
BR2226,DLR0111,Che-M51,15149418,2,,,,Cizeta-Moroder Motors,,,,
BR2286,DLR0112,GMC-M52,8773934,2,,,,Dacia Motors,,,,
BR2346,DLR0113,GMC-M53,7221195,1,,,,"Daewoo, Saehan, Chevrolet Korea Motors",,,,
BR2406,DLR0114,GMC-M54,6329743,1,,,,DAF Motors,,,,
BR2466,DLR0115,GMC-M55,1156044,1,,,,Daihatsu Motors,,,,
BR2526,DLR0116,GMC-M56,7530236,1,,,,Daimler Motors,,,,
BR2586,DLR0117,GMC-M57,15644564,2,,,,Datsun Motors,,,,
BR2646,DLR0118,GMC-M58,11048511,3,,,,Delahaye Motors,,,,
BR2706,DLR0121,Acu-M61,9777657,1,,,,DeLorean Motors,,,,
BR2766,DLR0122,Acu-M62,13804728,2,,,,DeSoto Motors,,,,
BR2826,DLR0123,Acu-M63,1781776,1,,,,De Tomaso Motors,,,,
BR2886,DLR0124,Hon-M64,4315629,3,,,,Dodge Motors,,,,
BR2946,DLR0125,Hon-M65,24556629,3,,,,Donkervoort Motors,,,,
BR3006,DLR0126,Hon-M66,8981081,1,,,,Edsel Motors,,,,
BR3066,DLR0127,Hon-M67,9819030,2,,,,e.GO Mobile Motors,,,,
BR3126,DLR0128,Hon-M68,7321228,1,,,,Eicher Polaris Motors,,,,
BR3186,DLR0129,Hon-M69,17369466,2,,,,Elva Motors,,,,
BR3246,DLR0130,Hon-M70,8355774,3,,,,Facel Vega Motors,,,,
BR3306,DLR0131,Hon-M71,8074050,2,,,,Ferrari Motors,,,,
BR3366,DLR0132,Hyu-M72,11630901,3,,,,Fiat Motors,,,,
BR3426,DLR0133,Hyu-M73,8736224,1,,,,Fiat do Brasil Motors,,,,
BR3486,DLR0134,Hyu-M74,5305198,2,,,,Fiat India Motors,,,,
BR3546,DLR0135,Hyu-M75,4583883,3,,,,"Fisker, Karma Motors",,,,
BR3606,DLR0137,Kia-M77,18863226,3,,,,Ford America Motors,,,,
BR3666,DLR0138,Kia-M78,11722286,2,,,,Ford Australia Motors,,,,
BR3726,DLR0139,Inf-M79,8885904,3,,,,Ford do Brasil Motors,,,,
BR3786,DLR0140,Nis-M80,5608551,3,,,,Ford Europe Motors,,,,
BR3846,DLR0141,Nis-M81,2279715,3,,,,Ford India Motors,,,,
BR3906,DLR0143,Nis-M83,13220313,3,,,,Freightliner Motors,,,,
BR3966,DLR0144,Nis-M84,19669918,2,,,,FSO Motors,,,,
BR4026,DLR0146,Nis-M86,4681233,1,,,,GAZ Motors,,,,
BR4086,DLR0147,Nis-M87,2827664,2,,,,Geo Motors,,,,
BR4146,DLR0148,Nis-M88,8383410,1,,,,Gilbern Motors,,,,
BR4206,DLR0149,Nis-M89,10046163,3,,,,Ginetta Motors,,,,
BR4266,DLR0150,Riv-M90,7783188,2,,,,Glas Motors,,,,
BR4326,DLR0154,Sub-M94,8615017,1,,,,GMC Motors,,,,
BR4386,DLR0155,Sub-M95,8648235,3,,,,GTA Spano Motors,,,,
BR4446,DLR0157,Tes-M97,7398132,2,,,,Gumpert Motors,,,,
BR4506,DLR0158,Tes-M98,18183694,2,,,,Healey Motors,,,,
BR4566,DLR0159,Lex-M99,14293562,2,,,,Heinkel Motors,,,,
BR4626,DLR0160,Toy-M100,19030767,3,,,,Hennessey Motors,,,,
BR4686,DLR0161,Toy-M101,2102115,1,,,,Hillman Motors,,,,
BR4746,DLR0164,Toy-M104,3153932,2,,,,Hindustan Motors,,,,
BR4806,DLR0165,Toy-M105,13772301,3,,,,Holden Motors,,,,
BR4866,DLR0166,Toy-M106,12776376,2,,,,Honda Motors,,,,
BR4926,DLR0168,Vol-M108,25448304,3,,,,Honda India Motors,,,,
BR4986,DLR0169,Vol-M109,5443287,1,,,,Hudson Motors,,,,
BR5046,DLR0171,Agr-M111,2318050,2,,,,Humber Motors,,,,
BR5106,DLR0173,Agr-M113,6787214,2,,,,Hummer Motors,,,,
BR5166,DLR0174,Che-M114,27731796,3,,,,Hyundai Motors,,,,
BR5226,DLR0176,Cit-M116,22175907,3,,,,"IFA (including Trabant, Wartburg, Barkas) Motors",,,,
BR5286,DLR0177,Fia-M117,19232882,2,,,,Infiniti Motors,,,,
BR5346,DLR0180,Hon-M120,23014824,3,,,,Innocenti Motors,,,,
BR5406,DLR0181,Mer-M121,944356,1,,,,Invicta Motors,,,,
BR5466,DLR0184,Peu-M124,19427550,2,,,,Isdera Motors,,,,
BR5526,DLR0185,Peu-M125,27378201,3,,,,Iso Motors,,,,
BR5586,DLR0186,Peu-M126,5076554,1,,,,Isotta Fraschini Motors,,,,
BR5646,DLR0187,Ren-M127,4101380,2,,,,Isuzu Motors,,,,
BR5706,DLR0188,Ren-M128,19488884,2,,,,Iveco Motors,,,,
BR5766,DLR0191,Ren-M131,5794861,1,,,,Jaguar Motors,,,,
BR5826,DLR0193,Toy-M133,6890318,1,,,,Jeep Motors,,,,
BR5886,DLR0194,Toy-M134,27673701,3,,,,Jensen Motors,,,,
BR5946,DLR0195,Vol-M135,16596822,3,,,,JPX Motors,,,,
BR6006,DLR0196,Vol-M136,6279243,1,,,,Kia Motors,,,,
BR6066,DLR0197,Mar-M137,9190134,3,,,,Koenigsegg Motors,,,,
BR6126,DLR0198,Mar-M138,1524042,1,,,,KTM Motors,,,,
BR6186,DLR0199,Mar-M139,6408126,1,,,,Lada Motors,,,,
BR6246,DLR0200,Mar-M140,3565182,1,,,,Lamborghini Motors,,,,
BR6306,DLR0201,Mar-M141,9963706,2,,,,Lancia Motors,,,,
BR6366,DLR0202,Mar-M142,4209675,1,,,,Land Rover Motors,,,,
BR6426,DLR0204,Mar-M144,6336897,3,,,,Lexus Motors,,,,
BR6486,DLR0205,Mar-M145,6772522,1,,,,Ligier Motors,,,,
BR6546,DLR0207,Mar-M147,230774,2,,,,Lincoln Motors,,,,
BR6606,DLR0209,Mar-M149,22987824,3,,,,Lotus Motors,,,,
BR6666,DLR0210,Mar-M150,14358195,3,,,,LTI Motors,,,,
BR6726,DLR0211,Mar-M151,4394077,1,,,,LuAZ Motors,,,,
BR6786,DLR0213,Hyu-M153,11212185,3,,,,Lynx Motors,,,,
BR6846,DLR0214,Hyu-M154,5808485,1,,,,Mahindra Motors,,,,
BR6906,DLR0215,Hyu-M155,9184004,2,,,,Marcos Motors,,,,
BR6966,DLR0216,Hyu-M156,13917510,2,,,,Marlin Motors,,,,
BR7026,DLR0217,Hyu-M157,19615128,3,,,,Maruti Motors,,,,
BR7086,DLR0218,Hyu-M158,12742176,3,,,,Maserati Motors,,,,
BR7146,DLR0219,Hyu-M159,9618034,1,,,,Mastretta Motors,,,,
BR7206,DLR0220,Hyu-M160,11531190,3,,,,"Matra (including Deutsch-Bonnet, René Bonnet) Motors",,,,
BR7266,DLR0221,Hyu-M161,9244356,2,,,,Mazda Motors,,,,
BR7326,DLR0223,Hyu-M163,16851660,3,,,,Mazzanti Motors,,,,
BR7386,DLR0224,Hyu-M164,9416402,2,,,,McLaren Motors,,,,
BR7446,DLR0225,Mah-M165,14235956,2,,,,Mercedes-Benz (including Maybach) Motors,,,,
BR7506,DLR0226,Mah-M166,26598294,3,,,,Mercury Motors,,,,
BR7566,DLR0227,Mah-M167,1392885,3,,,,Merkur Motors,,,,
BR7626,DLR0228,Mah-M168,8300430,1,,,,Messerschmitt Motors,,,,
BR7686,DLR0230,Mah-M170,8682432,1,,,,Mia Motors,,,,
BR7746,DLR0232,Mah-M172,9541932,3,,,,Micro Motors,,,,
BR7806,DLR0233,Mah-M173,1464319,1,,,,Mini Motors,,,,
BR7866,DLR0234,Mah-M174,14341460,2,,,,Mitsubishi Motors,,,,
BR7926,DLR0235,Mah-M175,8873398,2,,,,Monica Motors,,,,
BR7986,DLR0236,Mah-M176,8412846,1,,,,Monteverdi Motors,,,,
BR8046,DLR0237,Mah-M177,12375153,3,,,,Morgan Motors,,,,
BR8106,DLR0238,Mah-M178,798600,1,,,,Moskwitch Motors,,,,
BR8166,DLR0239,Tat-M179,773370,2,,,,Nash Motors,,,,
BR8226,DLR0240,Tat-M180,5880062,2,,,,Naza Motors,,,,
BR8286,DLR0241,Tat-M181,9838939,1,,,,Nissan Motors,,,,
BR8346,DLR0242,Tat-M182,5429292,1,,,,Nissan India Motors,,,,
BR8406,DLR0243,Tat-M183,16911087,3,,,,Noble Motors,,,,
BR8466,DLR0244,Tat-M184,7550560,1,,,,NSU Motors,,,,
BR8526,DLR0245,Tat-M185,16935201,3,,,,Oldsmobile Motors,,,,
BR8586,DLR0246,Tat-M186,16800074,2,,,,Oltcit Motors,,,,
BR8646,DLR0247,Tat-M187,18205968,2,,,,Opel Motors,,,,
BR8706,DLR0248,Tat-M188,1115865,3,,,,Packard Motors,,,,
BR8766,DLR0249,Tat-M189,10382696,2,,,,Pagani Motors,,,,
BR8826,DLR0250,Tat-M190,19307094,2,,,,Panhard Motors,,,,
BR8886,DLR0251,Tat-M191,9139185,1,,,,Panoz Motors,,,,
BR8946,DLR0252,Tat-M192,1910037,3,,,,Panther Motors,,,,
BR9006,DLR0253,Tat-M193,8419928,1,,,,Peel Motors,,,,
BR9066,DLR0254,Tat-M194,5687952,3,,,,Perodua Motors,,,,
BR9126,DLR0256,Toy-M196,16395304,2,,,,Peugeot Motors,,,,
BR9186,DLR0257,Toy-M197,2414785,1,,,,PGO Motors,,,,
BR9246,DLR0259,Toy-M199,6984864,2,,,,Piaggio Motors,,,,
BR9306,DLR0260,Toy-M200,9647960,1,,,,Plymouth Motors,,,,
BR9366,DLR0261,Toy-M201,2319903,1,,,,Polestar Motors,,,,
BR9426,DLR0262,Toy-M202,6633454,1,,,,"Pontiac, Asüna Motors",,,,
BR9486,DLR0263,Toy-M203,736620,2,,,,Porsche Motors,,,,
BR9546,DLR0265,Toy-M205,19976336,2,,,,Premier Motors,,,,
BR9606,DLR0266,Toy-M206,7415464,1,,,,Proton Motors,,,,
BR9666,DLR0267,Ren-M207,2679588,3,,,,Puma Motors,,,,
BR9726,DLR0001,Ren-M208,7905878,1,,,,Ranger Motors,,,,
BR9786,DLR0002,Ren-M209,9731832,2,,,,Reliant Motors,,,,
BR9846,DLR0003,Ren-M210,15259797,3,,,,Renault Motors,,,,
BR9906,DLR0004,Ren-M211,8532678,2,,,,Rivian Motors,,,,
BR9966,DLR0005,Kia-M212,19710144,2,,,,Rolls-Royce Motors,,,,
BR10026,DLR0009,Hon-M216,6450877,1,,,,Saab Motors,,,,
BR10086,DLR0010,Hon-M217,10324128,2,,,,SAIC Motor Motors,,,,
BR10146,DLR0012,Hon-M219,17408562,2,,,,Saleen Motors,,,,
BR10206,DLR0013,Hon-M220,4380506,1,,,,Samsung Motors,,,,
BR10266,DLR0016,For-M223,7008640,1,,,,San Motors,,,,
BR10326,DLR0017,For-M224,11398706,2,,,,Santa Matilde Motors,,,,
BR10386,DLR0018,For-M225,18586362,2,,,,Santana Motors,,,,
BR10446,DLR0019,For-M226,2519270,2,,,,Saturn Motors,,,,
BR10506,DLR0020,Aud-M227,24839778,3,,,,Scion Motors,,,,
BR10566,DLR0021,Aud-M228,16979252,2,,,,Seat Motors,,,,
BR10626,DLR0022,Aud-M229,3506007,1,,,,Shelby SuperCars Motors,,,,
BR10686,DLR0023,Aud-M230,4374748,1,,,,Simca Motors,,,,
BR10746,DLR0024,Aud-M231,9519982,1,,,,Simca do Brasil Motors,,,,
BR10806,DLR0026,Aud-M233,1106300,2,,,,Singer Motors,,,,
BR10866,DLR0027,Aud-M234,8297402,1,,,,Skoda Motors,,,,
BR10926,DLR0028,Aud-M235,26759610,3,,,,Smart Motors,,,,
BR10986,DLR0029,Aud-M236,7263872,2,,,,Spyker Motors,,,,
BR11046,DLR0031,Aud-M238,8014856,2,,,,SsangYong Motors,,,,
BR11106,DLR0032,Aud-M239,6479302,2,,,,Standard-Triumph Motors,,,,
BR11166,DLR0033,Aud-M240,25750338,3,,,,Studebaker Motors,,,,
BR11226,DLR0036,BMW-M243,10055328,3,,,,Subaru Motors,,,,
BR11286,DLR0037,BMW-M244,12209884,2,,,,Sunbeam Motors,,,,
BR11346,DLR0038,BMW-M245,2603689,1,,,,Suzuki Motors,,,,
BR11406,DLR0039,BMW-M246,6966456,2,,,,Tata Motors,,,,
BR11466,DLR0040,BMW-M247,3862100,1,,,,Tatra Motors,,,,
BR11526,DLR0041,BMW-M248,19749408,2,,,,Tazzari Motors,,,,
BR11586,DLR0043,BMW-M250,24097389,3,,,,Tesla Motors,,,,
BR11646,DLR0044,MG-M251,26285466,3,,,,Tornado Motors,,,,
BR11706,DLR0046,Jee-M253,21108186,3,,,,Toyota Motors,,,,
BR11766,DLR0047,Jee-M254,8652921,3,,,,Toyota India Motors,,,,
BR11826,DLR0048,Vol-M255,27904578,3,,,,Turner Motors,,,,
BR11886,DLR0049,Vol-M256,12101712,3,,,,TVR Motors,,,,
BR11946,DLR0051,Vol-M258,4800009,1,,,,UAZ Motors,,,,
BR12006,DLR0052,Vol-M259,2533330,1,,,,Vauxhall Motors,,,,
BR12066,DLR0053,Vol-M260,28693191,3,,,,Venturi Motors,,,,
BR12126,DLR0054,Nis-M261,12812390,2,,,,Volkswagen Motors,,,,
BR12186,DLR0055,Nis-M262,23656572,3,,,,Volkswagen do Brasil Motors,,,,
BR12246,DLR0056,Nis-M263,3679016,1,,,,Volkswagen South Africa Motors,,,,
BR12306,DLR0057,Nis-M264,18662240,2,,,,Volvo Motors,,,,
BR12366,DLR0058,Nis-M265,11539143,3,,,,Westfield Motors,,,,
BR12426,DLR0059,Nis-M266,6686346,2,,,,Wiesmann Motors,,,,
BR12486,DLR0060,Nis-M267,7781997,3,,,,Zastava Motors,,,,
BR12546,DLR0061,Nis-M268,12162555,3,,,,ZAZ Motors,,,,
BR12606,DLR0062,Nis-M269,6506846,1,,,,ZIL Motors,,,,
BR12666,DLR0063,Nis-M270,18681285,3,,,,Audi Motors,,,,
BR12726,DLR0065,Sko-M272,14758116,2,,,,DKW Motors,,,,
BR12786,DLR0066,Sko-M273,1490532,1,,,,Horch Motors,,,,
BR12846,DLR0067,Sko-M274,24876672,3,,,,Wanderer Motors,,,,
BR12906,DLR0069,Mit-M276,14179306,2,,,,Maybach  Motors,,,,
BR12966,DLR0071,BMW-M1,19362792,3,,,,Izh  Motors,,,,
BR13026,DLR0072,BMW-M2,28256700,3,,,,Lagonda  Motors,,,,
BR13086,DLR0073,BMW-M3,7398601,1,,,,MG  Motors,,,,
BR13146,DLR0074,BMW-M4,531557,1,,,,Morris  Motors,,,,
BR13206,DLR0075,BMW-M5,311498,2,,,,Austin  Motors,,,,
BR13266,DLR0076,Mer-M6,2969225,1,,,,Riley  Motors,,,,
BR13326,DLR0077,Mer-M7,14529736,2,,,,Wolseley  Motors,,,,
BR13386,DLR0078,Mer-M8,6100968,2,,,,Standard  Motors,,,,
BR13446,DLR0079,Dod-M9,9030055,1,,,,Talbot  Motors,,,,
BR13506,DLR0080,Jee-M10,10096794,3,,,,Das Motors,,,,
BR13566,DLR0081,Jee-M11,25524021,3,,,,Ramani Motors,,,,
BR13626,DLR0085,Ram-M15,5790416,2,,,,Deccan Motors,,,,
BR13686,DLR0086,For-M16,5674660,2,,,,Herald Motors,,,,
BR13746,DLR0088,For-M18,27030327,3,,,,Zion Automobils,,,,
BR13806,DLR0089,For-M19,16436052,2,,,,Atlantic Motor Company,,,,
BR13866,DLR0091,For-M21,4549470,1,,,,2008 NRHP-listed,,,,
BR13926,DLR0092,For-M22,29705004,3,,,,Blankinship Motor Company Building,,,,
BR13986,DLR0094,For-M24,18592218,3,,,,Bohn Motor Company Automobile Dealership,,,,
BR14046,DLR0095,For-M25,4242946,2,,,,Buick Automobile Company Building,,,,
BR14106,DLR0096,For-M26,6105596,2,,,,Cadillac Automobile Company Building,,,,
BR14166,DLR0097,Lin-M27,6337284,2,,,,Casa de cadillac,,,,
BR14226,DLR0098,Lin-M28,20192148,3,,,,Cass Motor Sales,,,,
BR14286,DLR0099,Lin-M29,3396379,1,,,,Claremore Auto Dealership,,,,
BR14346,DLR0103,Cad-M33,18247482,3,,,,Clemens Automobile Company Building,,,,
BR14406,DLR0104,Cad-M34,22956252,3,,,,Colman Automotive Building,,,,
BR14466,DLR0105,Cad-M35,4116309,3,,,,H Street Playhouse,,,,
BR14526,DLR0107,Cad-M37,3108616,1,,,,Howard Motor Company Building,,,,
BR14586,DLR0108,Cad-M38,11379294,2,,,,Hupmobile Building,,,,
BR14646,DLR0109,Cad-M39,26969532,3,,,,Jennings Ford Automobile Dealership,,,,
BR14706,DLR0110,Che-M40,6158643,1,,,,Jones Motor Company,,,,
BR14766,DLR0112,Che-M42,28080780,3,,,,Kindel Building,,,,
BR0007,DLR0113,Che-M43,29476512,3,,,,AC Cars Motors,,,,
BR0017,DLR0114,Che-M44,6723250,1,,,,Acura Motors,,,,
BR0027,DLR0116,Che-M46,25901943,3,,,,Aixam-Mega (including Arola) Motors,,,,
BR0037,DLR0119,Che-M49,21885834,3,,,,Alfa Romeo Motors,,,,
BR0047,DLR0120,Che-M50,15086781,3,,,,Alpine Motors,,,,
BR0057,DLR0121,Che-M51,15082984,2,,,,Alvis Motors,,,,
BR0067,DLR0123,GMC-M53,2964017,1,,,,"AMC, Eagle Motors",,,,
BR0077,DLR0124,GMC-M54,25546332,3,,,,Anadol Motors,,,,
BR0087,DLR0125,GMC-M55,9626946,1,,,,Ariel Motors,,,,
BR0097,DLR0126,GMC-M56,9127452,3,,,,ARO Motors,,,,
BR0107,DLR0127,GMC-M57,9689140,1,,,,Artega Motors,,,,
BR0117,DLR0129,Acu-M59,9612233,1,,,,Asia Motors Motors,,,,
BR0127,DLR0130,Acu-M60,27840693,3,,,,Aston Martin Motors,,,,
BR0137,DLR0131,Acu-M61,7440984,1,,,,Audi Motors,,,,
BR0147,DLR0132,Acu-M62,6718044,3,,,,Autobianchi Motors,,,,
BR0157,DLR0134,Hon-M64,5905112,2,,,,Auto-Union Motors,,,,
BR0167,DLR0135,Hon-M65,16914626,2,,,,Auverland Motors,,,,
BR0177,DLR0137,Hon-M67,4836812,2,,,,Bentley Motors,,,,
BR0187,DLR0138,Hon-M68,27140604,3,,,,Bitter Motors,,,,
BR0197,DLR0140,Hon-M70,5047944,2,,,,BMW Motors,,,,
BR0207,DLR0141,Hon-M71,23298537,3,,,,Bond Motors,,,,
BR0217,DLR0142,Hyu-M72,7857724,1,,,,Borgward (including Goliath and Lloyd) Motors,,,,
BR0227,DLR0143,Hyu-M73,7206187,1,,,,Bristol Motors,,,,
BR0237,DLR0144,Hyu-M74,10504860,2,,,,British Leyland Motors,,,,
BR0247,DLR0145,Hyu-M75,8312583,1,,,,Austin-Healey Motors,,,,
BR0257,DLR0147,Kia-M77,29480649,3,,,,"Austin, Rover Motors",,,,
BR0267,DLR0148,Kia-M78,11579523,3,,,,Bugatti Motors,,,,
BR0277,DLR0149,Inf-M79,16232652,3,,,,Buick Motors,,,,
BR0287,DLR0150,Nis-M80,2767600,2,,,,Bytom Motors,,,,
BR0297,DLR0151,Nis-M81,16232316,3,,,,Cadillac Motors,,,,
BR0307,DLR0153,Nis-M83,24961737,3,,,,Caterham Motors,,,,
BR0317,DLR0154,Nis-M84,2658567,1,,,,Checker Motors,,,,
BR0327,DLR0155,Nis-M85,4768559,1,,,,Chevrolet Motors,,,,
BR0337,DLR0158,Nis-M88,17412786,3,,,,Chevrolet India Motors,,,,
BR0347,DLR0159,Nis-M89,8061612,1,,,,Chrysler Motors,,,,
BR0357,DLR0161,Riv-M91,8815047,1,,,,Chrysler Europe Motors,,,,
BR0367,DLR0163,Sub-M93,14908658,2,,,,Citroën Motors,,,,
BR0377,DLR0164,Sub-M94,17420608,2,,,,Cizeta-Moroder Motors,,,,
BR0387,DLR0165,Sub-M95,12364917,3,,,,Dacia Motors,,,,
BR0397,DLR0167,Tes-M97,2973343,1,,,,"Daewoo, Saehan, Chevrolet Korea Motors",,,,
BR0407,DLR0169,Lex-M99,1071975,1,,,,DAF Motors,,,,
BR0417,DLR0170,Toy-M100,29452029,3,,,,Daihatsu Motors,,,,
BR0427,DLR0172,Toy-M102,27125628,3,,,,Daimler Motors,,,,
BR0437,DLR0174,Toy-M104,618530,1,,,,Datsun Motors,,,,
BR0447,DLR0177,Toy-M107,23819997,3,,,,Delahaye Motors,,,,
BR0457,DLR0178,Vol-M108,20266479,3,,,,DeLorean Motors,,,,
BR0467,DLR0179,Vol-M109,5850798,2,,,,DeSoto Motors,,,,
BR0477,DLR0181,Agr-M111,17216700,2,,,,De Tomaso Motors,,,,
BR0487,DLR0183,Agr-M113,13809580,2,,,,Dodge Motors,,,,
BR0497,DLR0184,Che-M114,1234241,1,,,,Donkervoort Motors,,,,
BR0507,DLR0186,Cit-M116,12179226,2,,,,Edsel Motors,,,,
BR0517,DLR0189,For-M119,24029529,3,,,,e.GO Mobile Motors,,,,
BR0527,DLR0190,Hon-M120,16041212,2,,,,Eicher Polaris Motors,,,,
BR0537,DLR0191,Mer-M121,4320316,1,,,,Elva Motors,,,,
BR0547,DLR0192,Mer-M122,4298133,3,,,,Facel Vega Motors,,,,
BR0557,DLR0193,Mer-M123,4194435,1,,,,Ferrari Motors,,,,
BR0567,DLR0195,Peu-M125,6156402,1,,,,Fiat Motors,,,,
BR0577,DLR0196,Peu-M126,12845820,2,,,,Fiat do Brasil Motors,,,,
BR0587,DLR0197,Ren-M127,8037818,2,,,,Fiat India Motors,,,,
BR0597,DLR0198,Ren-M128,12977602,2,,,,"Fisker, Karma Motors",,,,
BR0607,DLR0199,Ren-M129,3687822,2,,,,Ford America Motors,,,,
BR0617,DLR0200,Ren-M130,26759202,3,,,,Ford Australia Motors,,,,
BR0627,DLR0201,Ren-M131,19316154,2,,,,Ford do Brasil Motors,,,,
BR0637,DLR0202,Ren-M132,22871226,3,,,,Ford Europe Motors,,,,
BR0647,DLR0203,Toy-M133,8544438,2,,,,Ford India Motors,,,,
BR0657,DLR0204,Toy-M134,8836730,1,,,,Freightliner Motors,,,,
BR0667,DLR0205,Vol-M135,5550443,1,,,,FSO Motors,,,,
BR0677,DLR0206,Vol-M136,6871871,1,,,,GAZ Motors,,,,
BR0687,DLR0207,Mar-M137,6364987,1,,,,Geo Motors,,,,
BR0697,DLR0209,Mar-M139,5745982,2,,,,Gilbern Motors,,,,
BR0707,DLR0210,Mar-M140,26993892,3,,,,Ginetta Motors,,,,
BR0717,DLR0211,Mar-M141,11622186,2,,,,Glas Motors,,,,
BR0727,DLR0212,Mar-M142,7574786,1,,,,GMC Motors,,,,
BR0737,DLR0213,Mar-M143,6375040,1,,,,GTA Spano Motors,,,,
BR0747,DLR0215,Mar-M145,14598236,2,,,,Gumpert Motors,,,,
BR0757,DLR0217,Mar-M147,5741370,3,,,,Healey Motors,,,,
BR0767,DLR0220,Mar-M150,4716180,1,,,,Heinkel Motors,,,,
BR0777,DLR0222,Mar-M152,394149,1,,,,Hennessey Motors,,,,
BR0787,DLR0223,Hyu-M153,4377730,2,,,,Hillman Motors,,,,
BR0797,DLR0225,Hyu-M155,1863259,1,,,,Hindustan Motors,,,,
BR0807,DLR0226,Hyu-M156,1397563,1,,,,Holden Motors,,,,
BR0817,DLR0227,Hyu-M157,25054869,3,,,,Honda Motors,,,,
BR0827,DLR0228,Hyu-M158,3475515,1,,,,Honda India Motors,,,,
BR0837,DLR0229,Hyu-M159,21112329,3,,,,Hudson Motors,,,,
BR0847,DLR0230,Hyu-M160,27943230,3,,,,Humber Motors,,,,
BR0857,DLR0231,Hyu-M161,9632295,3,,,,Hummer Motors,,,,
BR0867,DLR0232,Hyu-M162,7324987,1,,,,Hyundai Motors,,,,
BR0877,DLR0233,Hyu-M163,2398611,1,,,,"IFA (including Trabant, Wartburg, Barkas) Motors",,,,
BR0887,DLR0235,Mah-M165,4152994,2,,,,Infiniti Motors,,,,
BR0897,DLR0236,Mah-M166,2474385,3,,,,Innocenti Motors,,,,
BR0907,DLR0237,Mah-M167,9875101,1,,,,Invicta Motors,,,,
BR0917,DLR0241,Mah-M171,4342526,1,,,,Isdera Motors,,,,
BR0927,DLR0242,Mah-M172,5303990,2,,,,Iso Motors,,,,
BR0937,DLR0244,Mah-M174,11406252,2,,,,Isotta Fraschini Motors,,,,
BR0947,DLR0245,Mah-M175,5326101,3,,,,Isuzu Motors,,,,
BR0957,DLR0247,Mah-M177,5623406,1,,,,Iveco Motors,,,,
BR0967,DLR0249,Tat-M179,3424744,1,,,,Jaguar Motors,,,,
BR0977,DLR0252,Tat-M182,15669614,2,,,,Jeep Motors,,,,
BR0987,DLR0253,Tat-M183,10229682,3,,,,Jensen Motors,,,,
BR0997,DLR0255,Tat-M185,2777340,2,,,,JPX Motors,,,,
BR1007,DLR0256,Tat-M186,11547286,2,,,,Kia Motors,,,,
BR1017,DLR0257,Tat-M187,7373736,1,,,,Koenigsegg Motors,,,,
BR1027,DLR0259,Tat-M189,12844128,2,,,,KTM Motors,,,,
BR1037,DLR0260,Tat-M190,3937331,1,,,,Lada Motors,,,,
BR1047,DLR0262,Tat-M192,5823668,2,,,,Lamborghini Motors,,,,
BR1057,DLR0263,Tat-M193,24960051,3,,,,Lancia Motors,,,,
BR1067,DLR0264,Tat-M194,19922738,2,,,,Land Rover Motors,,,,
BR1077,DLR0265,Toy-M195,6597000,1,,,,Lexus Motors,,,,
BR1087,DLR0266,Toy-M196,1526846,1,,,,Ligier Motors,,,,
BR1097,DLR0002,Toy-M199,2083892,2,,,,Lincoln Motors,,,,
BR1107,DLR0003,Toy-M200,575341,1,,,,Lotus Motors,,,,
BR1117,DLR0004,Toy-M201,6343528,1,,,,LTI Motors,,,,
BR1127,DLR0005,Toy-M202,2616456,1,,,,LuAZ Motors,,,,
BR1137,DLR0006,Toy-M203,14117661,3,,,,Lynx Motors,,,,
BR1147,DLR0007,Toy-M204,9083644,2,,,,Mahindra Motors,,,,
BR1157,DLR0008,Toy-M205,4004193,3,,,,Marcos Motors,,,,
BR1167,DLR0009,Toy-M206,1200616,1,,,,Marlin Motors,,,,
BR1177,DLR0010,Ren-M207,5653611,1,,,,Maruti Motors,,,,
BR1187,DLR0011,Ren-M208,1922186,1,,,,Maserati Motors,,,,
BR1197,DLR0012,Ren-M209,13290276,3,,,,Mastretta Motors,,,,
BR1207,DLR0013,Ren-M210,16634625,3,,,,"Matra (including Deutsch-Bonnet, René Bonnet) Motors",,,,
BR1217,DLR0014,Ren-M211,8621918,2,,,,Mazda Motors,,,,
BR1227,DLR0015,Kia-M212,3605282,1,,,,Mazzanti Motors,,,,
BR1237,DLR0016,Kia-M213,13669080,2,,,,McLaren Motors,,,,
BR1247,DLR0017,Kia-M214,9753154,1,,,,Mercedes-Benz (including Maybach) Motors,,,,
BR1257,DLR0018,Hon-M215,7404518,2,,,,Mercury Motors,,,,
BR1267,DLR0019,Hon-M216,5365482,1,,,,Merkur Motors,,,,
BR1277,DLR0020,Hon-M217,6836634,1,,,,Messerschmitt Motors,,,,
BR1287,DLR0021,Hon-M218,750595,1,,,,Mia Motors,,,,
BR1297,DLR0023,Hon-M220,14728632,3,,,,Micro Motors,,,,
BR1307,DLR0024,For-M221,5997976,2,,,,Mini Motors,,,,
BR1317,DLR0025,For-M222,29227953,3,,,,Mitsubishi Motors,,,,
BR1327,DLR0027,For-M224,14116226,2,,,,Monica Motors,,,,
BR1337,DLR0028,For-M225,29546586,3,,,,Monteverdi Motors,,,,
BR1347,DLR0029,For-M226,2734569,1,,,,Morgan Motors,,,,
BR1357,DLR0032,Aud-M229,18341554,2,,,,Moskwitch Motors,,,,
BR1367,DLR0033,Aud-M230,22238241,3,,,,Nash Motors,,,,
BR1377,DLR0034,Aud-M231,8214262,1,,,,Naza Motors,,,,
BR1387,DLR0035,Aud-M232,13940379,3,,,,Nissan Motors,,,,
BR1397,DLR0036,Aud-M233,5044983,3,,,,Nissan India Motors,,,,
BR1407,DLR0037,Aud-M234,3692235,3,,,,Noble Motors,,,,
BR1417,DLR0039,Aud-M236,10034872,2,,,,NSU Motors,,,,
BR1427,DLR0040,Aud-M237,933846,1,,,,Oldsmobile Motors,,,,
BR1437,DLR0041,Aud-M238,16171360,2,,,,Oltcit Motors,,,,
BR1447,DLR0042,Aud-M239,820540,1,,,,Opel Motors,,,,
BR1457,DLR0043,Aud-M240,9113392,1,,,,Packard Motors,,,,
BR1467,DLR0044,Aud-M241,25413093,3,,,,Pagani Motors,,,,
BR1477,DLR0045,BMW-M242,6666064,2,,,,Panhard Motors,,,,
BR1487,DLR0046,BMW-M243,3215803,1,,,,Panoz Motors,,,,
BR1497,DLR0048,BMW-M245,15652146,2,,,,Panther Motors,,,,
BR1507,DLR0049,BMW-M246,8766677,1,,,,Peel Motors,,,,
BR1517,DLR0050,BMW-M247,9946293,3,,,,Perodua Motors,,,,
BR1527,DLR0052,BMW-M249,25246338,3,,,,Peugeot Motors,,,,
BR1537,DLR0053,BMW-M250,21557505,3,,,,PGO Motors,,,,
BR1547,DLR0054,MG-M251,5596372,2,,,,Piaggio Motors,,,,
BR1557,DLR0055,MG-M252,8312239,1,,,,Plymouth Motors,,,,
BR1567,DLR0056,Jee-M253,16171560,2,,,,Polestar Motors,,,,
BR1577,DLR0057,Jee-M254,18615153,3,,,,"Pontiac, Asüna Motors",,,,
BR1587,DLR0058,Vol-M255,5142062,1,,,,Porsche Motors,,,,
BR1597,DLR0060,Vol-M257,14595714,2,,,,Premier Motors,,,,
BR1607,DLR0063,Vol-M260,5490078,3,,,,Proton Motors,,,,
BR1617,DLR0064,Nis-M261,1557242,2,,,,Puma Motors,,,,
BR1627,DLR0066,Nis-M263,993368,2,,,,Ranger Motors,,,,
BR1637,DLR0069,Nis-M266,11307066,3,,,,Reliant Motors,,,,
BR1647,DLR0071,Nis-M268,4906052,2,,,,Renault Motors,,,,
BR1657,DLR0072,Nis-M269,11129928,3,,,,Rivian Motors,,,,
BR1667,DLR0073,Nis-M270,6214775,1,,,,Rolls-Royce Motors,,,,
BR1677,DLR0074,Sko-M271,5064801,1,,,,Saab Motors,,,,
BR1687,DLR0076,Sko-M273,1627572,3,,,,SAIC Motor Motors,,,,
BR1697,DLR0077,Sko-M274,8371844,1,,,,Saleen Motors,,,,
BR1707,DLR0079,Mit-M276,8997454,1,,,,Samsung Motors,,,,
BR1717,DLR0080,Mit-M277,19086794,2,,,,San Motors,,,,
BR1727,DLR0081,BMW-M1,1192682,2,,,,Santa Matilde Motors,,,,
BR1737,DLR0082,BMW-M2,14197656,3,,,,Santana Motors,,,,
BR1747,DLR0083,BMW-M3,9743532,3,,,,Saturn Motors,,,,
BR1757,DLR0084,BMW-M4,17445024,3,,,,Scion Motors,,,,
BR1767,DLR0085,BMW-M5,18661467,3,,,,Seat Motors,,,,
BR1777,DLR0087,Mer-M7,1600510,2,,,,Shelby SuperCars Motors,,,,
BR1787,DLR0088,Mer-M8,11611234,2,,,,Simca Motors,,,,
BR1797,DLR0089,Dod-M9,4816794,2,,,,Simca do Brasil Motors,,,,
BR1807,DLR0091,Jee-M11,4058632,1,,,,Singer Motors,,,,
BR1817,DLR0092,Jee-M12,17231670,3,,,,Skoda Motors,,,,
BR1827,DLR0093,Jee-M13,2824317,1,,,,Smart Motors,,,,
BR1837,DLR0094,Ram-M14,5887052,2,,,,Spyker Motors,,,,
BR1847,DLR0095,Ram-M15,14383990,2,,,,SsangYong Motors,,,,
BR1857,DLR0096,For-M16,299478,1,,,,Standard-Triumph Motors,,,,
BR1867,DLR0099,For-M19,8169852,1,,,,Studebaker Motors,,,,
BR1877,DLR0100,For-M20,3852248,1,,,,Subaru Motors,,,,
BR1887,DLR0101,For-M21,1614954,3,,,,Sunbeam Motors,,,,
BR1897,DLR0103,For-M23,19987149,3,,,,Suzuki Motors,,,,
BR1907,DLR0104,For-M24,288894,1,,,,Tata Motors,,,,
BR1917,DLR0105,For-M25,8308755,3,,,,Tatra Motors,,,,
BR1927,DLR0107,Lin-M27,16533070,2,,,,Tazzari Motors,,,,
BR1937,DLR0109,Lin-M29,4380192,2,,,,Tesla Motors,,,,
BR1947,DLR0110,Lin-M30,27170463,3,,,,Tornado Motors,,,,
BR1957,DLR0111,Bui-M31,6945984,3,,,,Toyota Motors,,,,
BR1967,DLR0113,Cad-M33,9343340,1,,,,Toyota India Motors,,,,
BR1977,DLR0114,Cad-M34,6196108,1,,,,Turner Motors,,,,
BR1987,DLR0115,Cad-M35,4403793,1,,,,TVR Motors,,,,
BR1997,DLR0116,Cad-M36,14184207,3,,,,UAZ Motors,,,,
BR2007,DLR0117,Cad-M37,7963904,1,,,,Vauxhall Motors,,,,
BR2017,DLR0118,Cad-M38,1669181,1,,,,Venturi Motors,,,,
BR2027,DLR0122,Che-M42,15858531,3,,,,Volkswagen Motors,,,,
BR2037,DLR0123,Che-M43,3927363,3,,,,Volkswagen do Brasil Motors,,,,
BR2047,DLR0125,Che-M45,5923920,3,,,,Volkswagen South Africa Motors,,,,
BR2057,DLR0127,Che-M47,3396933,1,,,,Volvo Motors,,,,
BR2067,DLR0128,Che-M48,13471854,3,,,,Westfield Motors,,,,
BR2077,DLR0129,Che-M49,13134435,3,,,,Wiesmann Motors,,,,
BR2087,DLR0132,GMC-M52,7614612,3,,,,Zastava Motors,,,,
BR2097,DLR0133,GMC-M53,26010369,3,,,,ZAZ Motors,,,,
BR2107,DLR0134,GMC-M54,5356071,1,,,,ZIL Motors,,,,
BR2117,DLR0136,GMC-M56,4419316,2,,,,Audi Motors,,,,
BR2127,DLR0137,GMC-M57,2711044,1,,,,DKW Motors,,,,
BR2137,DLR0139,Acu-M59,8089428,3,,,,Horch Motors,,,,
BR2147,DLR0146,Hon-M66,22238040,3,,,,Wanderer Motors,,,,
BR2157,DLR0147,Hon-M67,4597215,3,,,,Maybach  Motors,,,,
BR2167,DLR0148,Hon-M68,11070153,3,,,,Izh  Motors,,,,
BR2177,DLR0149,Hon-M69,19026810,2,,,,Lagonda  Motors,,,,
BR2187,DLR0151,Hon-M71,4211565,1,,,,MG  Motors,,,,
BR2197,DLR0152,Hyu-M72,9455157,1,,,,Morris  Motors,,,,
BR2207,DLR0153,Hyu-M73,8944803,1,,,,Austin  Motors,,,,
BR2217,DLR0155,Hyu-M75,8878331,1,,,,Riley  Motors,,,,
BR2227,DLR0156,Kia-M76,4674918,3,,,,Wolseley  Motors,,,,
BR2237,DLR0157,Kia-M77,14457039,3,,,,Standard  Motors,,,,
BR2247,DLR0158,Kia-M78,23016840,3,,,,Talbot  Motors,,,,
BR2257,DLR0159,Inf-M79,20093703,3,,,,Das Motors,,,,
BR2267,DLR0160,Nis-M80,7509447,1,,,,Ramani Motors,,,,
BR2277,DLR0163,Nis-M83,2977984,1,,,,Deccan Motors,,,,
BR2287,DLR0164,Nis-M84,13110796,2,,,,Herald Motors,,,,
BR2297,DLR0166,Nis-M86,16171738,2,,,,Zion Automobils,,,,
BR2307,DLR0168,Nis-M88,15252826,2,,,,Atlantic Motor Company,,,,
BR2317,DLR0171,Riv-M91,13903245,3,,,,2008 NRHP-listed,,,,
BR2327,DLR0173,Sub-M93,11897544,3,,,,Blankinship Motor Company Building,,,,
BR2337,DLR0174,Sub-M94,20785545,3,,,,Bohn Motor Company Automobile Dealership,,,,
BR2347,DLR0175,Sub-M95,9244306,2,,,,Buick Automobile Company Building,,,,
BR2357,DLR0176,Tes-M96,4488940,1,,,,Cadillac Automobile Company Building,,,,
BR2367,DLR0177,Tes-M97,3283236,3,,,,Casa de cadillac,,,,
BR2377,DLR0178,Tes-M98,2276966,2,,,,Cass Motor Sales,,,,
BR2387,DLR0180,Toy-M100,3388438,1,,,,Claremore Auto Dealership,,,,
BR2397,DLR0181,Toy-M101,1419756,1,,,,Clemens Automobile Company Building,,,,
BR2407,DLR0182,Toy-M102,23969172,3,,,,Colman Automotive Building,,,,
BR2417,DLR0183,Toy-M103,9396554,2,,,,H Street Playhouse,,,,
BR2427,DLR0184,Toy-M104,9597689,1,,,,Howard Motor Company Building,,,,
BR2437,DLR0185,Toy-M105,27165489,3,,,,Hupmobile Building,,,,
BR2447,DLR0186,Toy-M106,9420182,2,,,,Jennings Ford Automobile Dealership,,,,
BR2457,DLR0189,Vol-M109,4346106,1,,,,Jones Motor Company,,,,
BR2467,DLR0191,Agr-M111,7803453,1,,,,Kindel Building,,,,
BR0008,DLR0192,Agr-M112,6865194,3,,,,AC Cars Motors,,,,
BR0018,DLR0193,Agr-M113,7823304,3,,,,Acura Motors,,,,
BR0028,DLR0194,Che-M114,8850410,2,,,,Aixam-Mega (including Arola) Motors,,,,
BR0038,DLR0195,Cit-M115,523765,1,,,,Alfa Romeo Motors,,,,
BR0048,DLR0198,Fia-M118,4186433,1,,,,Alpine Motors,,,,
BR0058,DLR0200,Hon-M120,15259290,3,,,,Alvis Motors,,,,
BR0068,DLR0201,Mer-M121,6480690,2,,,,"AMC, Eagle Motors",,,,
BR0078,DLR0202,Mer-M122,693802,1,,,,Anadol Motors,,,,
BR0088,DLR0204,Peu-M124,9062583,1,,,,Ariel Motors,,,,
BR0098,DLR0205,Peu-M125,23562717,3,,,,ARO Motors,,,,
BR0108,DLR0206,Peu-M126,9479098,2,,,,Artega Motors,,,,
BR0118,DLR0207,Ren-M127,5217794,1,,,,Asia Motors Motors,,,,
BR0128,DLR0208,Ren-M128,9250976,2,,,,Aston Martin Motors,,,,
BR0138,DLR0209,Ren-M129,3678913,1,,,,Audi Motors,,,,
BR0148,DLR0210,Ren-M130,16850778,2,,,,Autobianchi Motors,,,,
BR0158,DLR0211,Ren-M131,2717264,1,,,,Auto-Union Motors,,,,
BR0168,DLR0214,Toy-M134,22982112,3,,,,Auverland Motors,,,,
BR0178,DLR0216,Vol-M136,19641387,3,,,,Bentley Motors,,,,
BR0188,DLR0217,Mar-M137,8749140,3,,,,Bitter Motors,,,,
BR0198,DLR0218,Mar-M138,1791030,1,,,,BMW Motors,,,,
BR0208,DLR0219,Mar-M139,15720604,2,,,,Bond Motors,,,,
BR0218,DLR0220,Mar-M140,4505054,2,,,,Borgward (including Goliath and Lloyd) Motors,,,,
BR0228,DLR0221,Mar-M141,7636791,1,,,,Bristol Motors,,,,
BR0238,DLR0223,Mar-M143,10719476,2,,,,British Leyland Motors,,,,
BR0248,DLR0224,Mar-M144,22596384,3,,,,Austin-Healey Motors,,,,
BR0258,DLR0225,Mar-M145,5143059,3,,,,"Austin, Rover Motors",,,,
BR0268,DLR0226,Mar-M146,18375622,2,,,,Bugatti Motors,,,,
BR0278,DLR0228,Mar-M148,22715907,3,,,,Buick Motors,,,,
BR0288,DLR0229,Mar-M149,3362029,1,,,,Bytom Motors,,,,
BR0298,DLR0231,Mar-M151,12650379,3,,,,Cadillac Motors,,,,
BR0308,DLR0232,Mar-M152,19474533,3,,,,Caterham Motors,,,,
BR0318,DLR0233,Hyu-M153,5377184,2,,,,Checker Motors,,,,
BR0328,DLR0235,Hyu-M155,16603584,2,,,,Chevrolet Motors,,,,
BR0338,DLR0238,Hyu-M158,21888990,3,,,,Chevrolet India Motors,,,,
BR0348,DLR0239,Hyu-M159,28839432,3,,,,Chrysler Motors,,,,
BR0358,DLR0240,Hyu-M160,4257825,3,,,,Chrysler Europe Motors,,,,
BR0368,DLR0241,Hyu-M161,19956204,3,,,,Citroën Motors,,,,
BR0378,DLR0243,Hyu-M163,9443751,3,,,,Cizeta-Moroder Motors,,,,
BR0388,DLR0244,Hyu-M164,12224948,2,,,,Dacia Motors,,,,
BR0398,DLR0246,Mah-M166,4431368,1,,,,"Daewoo, Saehan, Chevrolet Korea Motors",,,,
BR0408,DLR0247,Mah-M167,112246,1,,,,DAF Motors,,,,
BR0418,DLR0248,Mah-M168,24362178,3,,,,Daihatsu Motors,,,,
BR0428,DLR0249,Mah-M169,27957369,3,,,,Daimler Motors,,,,
BR0438,DLR0250,Mah-M170,4796736,1,,,,Datsun Motors,,,,
BR0448,DLR0251,Mah-M171,19794014,2,,,,Delahaye Motors,,,,
BR0458,DLR0253,Mah-M173,1134198,2,,,,DeLorean Motors,,,,
BR0468,DLR0254,Mah-M174,6473726,1,,,,DeSoto Motors,,,,
BR0478,DLR0255,Mah-M175,10287849,3,,,,De Tomaso Motors,,,,
BR0488,DLR0256,Mah-M176,9633912,2,,,,Dodge Motors,,,,
BR0498,DLR0257,Mah-M177,3198540,3,,,,Donkervoort Motors,,,,
BR0508,DLR0258,Mah-M178,8638572,2,,,,Edsel Motors,,,,
BR0518,DLR0259,Tat-M179,2656204,2,,,,e.GO Mobile Motors,,,,
BR0528,DLR0262,Tat-M182,10592974,2,,,,Eicher Polaris Motors,,,,
BR0538,DLR0264,Tat-M184,8789076,2,,,,Elva Motors,,,,
BR0548,DLR0265,Tat-M185,5907291,1,,,,Facel Vega Motors,,,,
BR0558,DLR0267,Tat-M187,6558027,3,,,,Ferrari Motors,,,,
BR0568,DLR0002,Tat-M189,2847247,1,,,,Fiat Motors,,,,
BR0578,DLR0003,Tat-M190,8462551,1,,,,Fiat do Brasil Motors,,,,
BR0588,DLR0004,Tat-M191,14824880,2,,,,Fiat India Motors,,,,
BR0598,DLR0006,Tat-M193,19782228,3,,,,"Fisker, Karma Motors",,,,
BR0608,DLR0008,Toy-M195,9541679,1,,,,Ford America Motors,,,,
BR0618,DLR0011,Toy-M198,9387408,2,,,,Ford Australia Motors,,,,
BR0628,DLR0012,Toy-M199,8137212,2,,,,Ford do Brasil Motors,,,,
BR0638,DLR0013,Toy-M200,27872751,3,,,,Ford Europe Motors,,,,
BR0648,DLR0014,Toy-M201,8464536,2,,,,Ford India Motors,,,,
BR0658,DLR0016,Toy-M203,4420992,1,,,,Freightliner Motors,,,,
BR0668,DLR0018,Toy-M205,18797763,3,,,,FSO Motors,,,,
BR0678,DLR0019,Toy-M206,16819923,3,,,,GAZ Motors,,,,
BR0688,DLR0020,Ren-M207,26641407,3,,,,Geo Motors,,,,
BR0698,DLR0023,Ren-M210,29245743,3,,,,Gilbern Motors,,,,
BR0708,DLR0024,Ren-M211,1362898,1,,,,Ginetta Motors,,,,
BR0718,DLR0025,Kia-M212,24546006,3,,,,Glas Motors,,,,
BR0728,DLR0026,Kia-M213,2493076,1,,,,GMC Motors,,,,
BR0738,DLR0027,Kia-M214,8376524,1,,,,GTA Spano Motors,,,,
BR0748,DLR0028,Hon-M215,7528299,1,,,,Gumpert Motors,,,,
BR0758,DLR0029,Hon-M216,1297858,1,,,,Healey Motors,,,,
BR0768,DLR0030,Hon-M217,1794492,1,,,,Heinkel Motors,,,,
BR0778,DLR0031,Hon-M218,7084610,1,,,,Hennessey Motors,,,,
BR0788,DLR0033,Hon-M220,2203758,1,,,,Hillman Motors,,,,
BR0798,DLR0034,For-M221,18982494,3,,,,Hindustan Motors,,,,
BR0808,DLR0035,For-M222,1010235,3,,,,Holden Motors,,,,
BR0818,DLR0036,For-M223,4417448,2,,,,Honda Motors,,,,
BR0828,DLR0037,For-M224,1229389,1,,,,Honda India Motors,,,,
BR0838,DLR0038,For-M225,10562268,3,,,,Hudson Motors,,,,
BR0848,DLR0039,For-M226,13949298,2,,,,Humber Motors,,,,
BR0858,DLR0040,Aud-M227,8881768,1,,,,Hummer Motors,,,,
BR0868,DLR0041,Aud-M228,14143962,2,,,,Hyundai Motors,,,,
BR0878,DLR0042,Aud-M229,5651109,3,,,,"IFA (including Trabant, Wartburg, Barkas) Motors",,,,
BR0888,DLR0043,Aud-M230,18718750,2,,,,Infiniti Motors,,,,
BR0898,DLR0044,Aud-M231,19955415,3,,,,Innocenti Motors,,,,
BR0908,DLR0045,Aud-M232,1853412,2,,,,Invicta Motors,,,,
BR0918,DLR0046,Aud-M233,226386,2,,,,Isdera Motors,,,,
BR0928,DLR0047,Aud-M234,7358930,2,,,,Iso Motors,,,,
BR0938,DLR0048,Aud-M235,23929671,3,,,,Isotta Fraschini Motors,,,,
BR0948,DLR0049,Aud-M236,14157891,3,,,,Isuzu Motors,,,,
BR0958,DLR0050,Aud-M237,5769353,1,,,,Iveco Motors,,,,
BR0968,DLR0051,Aud-M238,6666418,1,,,,Jaguar Motors,,,,
BR0978,DLR0052,Aud-M239,5651517,3,,,,Jeep Motors,,,,
BR0988,DLR0053,Aud-M240,21747525,3,,,,Jensen Motors,,,,
BR0998,DLR0054,Aud-M241,7111275,1,,,,JPX Motors,,,,
BR1008,DLR0055,BMW-M242,1772823,3,,,,Kia Motors,,,,
BR1018,DLR0056,BMW-M243,17444340,3,,,,Koenigsegg Motors,,,,
BR1028,DLR0057,BMW-M244,1498461,1,,,,KTM Motors,,,,
BR1038,DLR0058,BMW-M245,3241882,2,,,,Lada Motors,,,,
BR1048,DLR0061,BMW-M248,1996961,1,,,,Lamborghini Motors,,,,
BR1058,DLR0062,BMW-M249,2428393,1,,,,Lancia Motors,,,,
BR1068,DLR0064,MG-M251,14491058,2,,,,Land Rover Motors,,,,
BR1078,DLR0065,MG-M252,5979549,1,,,,Lexus Motors,,,,
BR1088,DLR0066,Jee-M253,3309294,2,,,,Ligier Motors,,,,
BR1098,DLR0067,Jee-M254,2050218,3,,,,Lincoln Motors,,,,
BR1108,DLR0069,Vol-M256,14181510,3,,,,Lotus Motors,,,,
BR1118,DLR0070,Vol-M257,7738896,1,,,,LTI Motors,,,,
BR1128,DLR0071,Vol-M258,10067596,2,,,,LuAZ Motors,,,,
BR1138,DLR0072,Vol-M259,13055810,2,,,,Lynx Motors,,,,
BR1148,DLR0073,Vol-M260,2224368,1,,,,Mahindra Motors,,,,
BR1158,DLR0074,Nis-M261,11270580,3,,,,Marcos Motors,,,,
BR1168,DLR0075,Nis-M262,18784710,3,,,,Marlin Motors,,,,
BR1178,DLR0076,Nis-M263,2354637,3,,,,Maruti Motors,,,,
BR1188,DLR0080,Nis-M267,5421046,2,,,,Maserati Motors,,,,
BR1198,DLR0081,Nis-M268,28034733,3,,,,Mastretta Motors,,,,
BR1208,DLR0082,Nis-M269,17522592,2,,,,"Matra (including Deutsch-Bonnet, René Bonnet) Motors",,,,
BR1218,DLR0083,Nis-M270,25901364,3,,,,Mazda Motors,,,,
BR1228,DLR0086,Sko-M273,7915343,1,,,,Mazzanti Motors,,,,
BR1238,DLR0087,Sko-M274,24183663,3,,,,McLaren Motors,,,,
BR1248,DLR0088,Mit-M275,847952,2,,,,Mercedes-Benz (including Maybach) Motors,,,,
BR1258,DLR0089,Mit-M276,2887860,1,,,,Mercury Motors,,,,
BR1268,DLR0090,Mit-M277,24243636,3,,,,Merkur Motors,,,,
BR1278,,,,,,,,Messerschmitt Motors,,,,
BR1288,,,,,,,,Mia Motors,,,,
BR1298,,,,,,,,Micro Motors,,,,
BR1308,,,,,,,,Mini Motors,,,,
BR1318,,,,,,,,Mitsubishi Motors,,,,
BR1328,,,,,,,,Monica Motors,,,,
BR1338,,,,,,,,Monteverdi Motors,,,,
BR1348,,,,,,,,Morgan Motors,,,,
BR1358,,,,,,,,Moskwitch Motors,,,,
BR1368,,,,,,,,Nash Motors,,,,
BR1378,,,,,,,,Naza Motors,,,,
BR1388,,,,,,,,Nissan Motors,,,,
BR1398,,,,,,,,Nissan India Motors,,,,
BR1408,,,,,,,,Noble Motors,,,,
BR1418,,,,,,,,NSU Motors,,,,
BR1428,,,,,,,,Oldsmobile Motors,,,,
BR1438,,,,,,,,Oltcit Motors,,,,
BR1448,,,,,,,,Opel Motors,,,,
BR1458,,,,,,,,Packard Motors,,,,
BR1468,,,,,,,,Pagani Motors,,,,
BR1478,,,,,,,,Panhard Motors,,,,
BR1488,,,,,,,,Panoz Motors,,,,
BR1498,,,,,,,,Panther Motors,,,,
BR1508,,,,,,,,Peel Motors,,,,
BR1518,,,,,,,,Perodua Motors,,,,
BR1528,,,,,,,,Peugeot Motors,,,,
BR1538,,,,,,,,PGO Motors,,,,
BR1548,,,,,,,,Piaggio Motors,,,,
BR1558,,,,,,,,Plymouth Motors,,,,
BR1568,,,,,,,,Polestar Motors,,,,
BR1578,,,,,,,,"Pontiac, Asüna Motors",,,,
BR1588,,,,,,,,Porsche Motors,,,,
BR1598,,,,,,,,Premier Motors,,,,
BR1608,,,,,,,,Proton Motors,,,,
BR1618,,,,,,,,Puma Motors,,,,
BR1628,,,,,,,,Ranger Motors,,,,
BR1638,,,,,,,,Reliant Motors,,,,
BR1648,,,,,,,,Renault Motors,,,,
BR1658,,,,,,,,Rivian Motors,,,,
BR1668,,,,,,,,Rolls-Royce Motors,,,,
BR1678,,,,,,,,Saab Motors,,,,
BR1688,,,,,,,,SAIC Motor Motors,,,,
BR1698,,,,,,,,Saleen Motors,,,,
BR1708,,,,,,,,Samsung Motors,,,,
BR1718,,,,,,,,San Motors,,,,
BR1728,,,,,,,,Santa Matilde Motors,,,,
BR1738,,,,,,,,Santana Motors,,,,
BR1748,,,,,,,,Saturn Motors,,,,
BR1758,,,,,,,,Scion Motors,,,,
BR1768,,,,,,,,Seat Motors,,,,
BR1778,,,,,,,,Shelby SuperCars Motors,,,,
BR1788,,,,,,,,Simca Motors,,,,
BR1798,,,,,,,,Simca do Brasil Motors,,,,
BR1808,,,,,,,,Singer Motors,,,,
BR1818,,,,,,,,Skoda Motors,,,,
BR1828,,,,,,,,Smart Motors,,,,
BR1838,,,,,,,,Spyker Motors,,,,
BR1848,,,,,,,,SsangYong Motors,,,,
BR1858,,,,,,,,Standard-Triumph Motors,,,,
BR1868,,,,,,,,Studebaker Motors,,,,
BR1878,,,,,,,,Subaru Motors,,,,
BR1888,,,,,,,,Sunbeam Motors,,,,
BR1898,,,,,,,,Suzuki Motors,,,,
BR1908,,,,,,,,Tata Motors,,,,
BR1918,,,,,,,,Tatra Motors,,,,
BR1928,,,,,,,,Tazzari Motors,,,,
BR1938,,,,,,,,Tesla Motors,,,,
BR1948,,,,,,,,Tornado Motors,,,,
BR1958,,,,,,,,Toyota Motors,,,,
BR1968,,,,,,,,Toyota India Motors,,,,
BR1978,,,,,,,,Turner Motors,,,,
BR1988,,,,,,,,TVR Motors,,,,
BR1998,,,,,,,,UAZ Motors,,,,
BR2008,,,,,,,,Vauxhall Motors,,,,
BR2018,,,,,,,,Venturi Motors,,,,
BR2028,,,,,,,,Volkswagen Motors,,,,
BR2038,,,,,,,,Volkswagen do Brasil Motors,,,,
BR2048,,,,,,,,Volkswagen South Africa Motors,,,,
BR2058,,,,,,,,Volvo Motors,,,,
BR2068,,,,,,,,Westfield Motors,,,,
BR2078,,,,,,,,Wiesmann Motors,,,,
BR2088,,,,,,,,Zastava Motors,,,,
BR2098,,,,,,,,ZAZ Motors,,,,
BR2108,,,,,,,,ZIL Motors,,,,
BR2118,,,,,,,,Audi Motors,,,,
BR2128,,,,,,,,DKW Motors,,,,
BR2138,,,,,,,,Horch Motors,,,,
BR2148,,,,,,,,Wanderer Motors,,,,
BR2158,,,,,,,,Maybach  Motors,,,,
BR2168,,,,,,,,Izh  Motors,,,,
BR2178,,,,,,,,Lagonda  Motors,,,,
BR2188,,,,,,,,MG  Motors,,,,
BR2198,,,,,,,,Morris  Motors,,,,
BR2208,,,,,,,,Austin  Motors,,,,
BR2218,,,,,,,,Riley  Motors,,,,
BR2228,,,,,,,,Wolseley  Motors,,,,
BR2238,,,,,,,,Standard  Motors,,,,
BR2248,,,,,,,,Talbot  Motors,,,,
BR2258,,,,,,,,Das Motors,,,,
BR2268,,,,,,,,Ramani Motors,,,,
BR2278,,,,,,,,Deccan Motors,,,,
BR2288,,,,,,,,Herald Motors,,,,
BR2298,,,,,,,,Zion Automobils,,,,
BR2308,,,,,,,,Atlantic Motor Company,,,,
BR2318,,,,,,,,2008 NRHP-listed,,,,
BR2328,,,,,,,,Blankinship Motor Company Building,,,,
BR2338,,,,,,,,Bohn Motor Company Automobile Dealership,,,,
BR2348,,,,,,,,Buick Automobile Company Building,,,,
BR2358,,,,,,,,Cadillac Automobile Company Building,,,,
BR2368,,,,,,,,Casa de cadillac,,,,
BR2378,,,,,,,,Cass Motor Sales,,,,
BR2388,,,,,,,,Claremore Auto Dealership,,,,
BR2398,,,,,,,,Clemens Automobile Company Building,,,,
BR2408,,,,,,,,Colman Automotive Building,,,,
BR2418,,,,,,,,H Street Playhouse,,,,
BR2428,,,,,,,,Howard Motor Company Building,,,,
BR2438,,,,,,,,Hupmobile Building,,,,
BR2448,,,,,,,,Jennings Ford Automobile Dealership,,,,
BR2458,,,,,,,,Jones Motor Company,,,,
BR2468,,,,,,,,Kindel Building,,,,
BR0009,,,,,,,,AC Cars Motors,,,,
BR0019,,,,,,,,Acura Motors,,,,
BR0029,,,,,,,,Aixam-Mega (including Arola) Motors,,,,
BR0039,,,,,,,,Alfa Romeo Motors,,,,
BR0049,,,,,,,,Alpine Motors,,,,
BR0059,,,,,,,,Alvis Motors,,,,
BR0069,,,,,,,,"AMC, Eagle Motors",,,,
BR0079,,,,,,,,Anadol Motors,,,,
BR0089,,,,,,,,Ariel Motors,,,,
BR0099,,,,,,,,ARO Motors,,,,
BR0109,,,,,,,,Artega Motors,,,,
BR0119,,,,,,,,Asia Motors Motors,,,,
BR0129,,,,,,,,Aston Martin Motors,,,,
BR0139,,,,,,,,Audi Motors,,,,
BR0149,,,,,,,,Autobianchi Motors,,,,
BR0159,,,,,,,,Auto-Union Motors,,,,
BR0169,,,,,,,,Auverland Motors,,,,
BR0179,,,,,,,,Bentley Motors,,,,
BR0189,,,,,,,,Bitter Motors,,,,
BR0199,,,,,,,,BMW Motors,,,,
BR0209,,,,,,,,Bond Motors,,,,
BR0219,,,,,,,,Borgward (including Goliath and Lloyd) Motors,,,,
BR0229,,,,,,,,Bristol Motors,,,,
BR0239,,,,,,,,British Leyland Motors,,,,
BR0249,,,,,,,,Austin-Healey Motors,,,,
BR0259,,,,,,,,"Austin, Rover Motors",,,,
BR0269,,,,,,,,Bugatti Motors,,,,
BR0279,,,,,,,,Buick Motors,,,,
BR0289,,,,,,,,Bytom Motors,,,,
BR0299,,,,,,,,Cadillac Motors,,,,
BR0309,,,,,,,,Caterham Motors,,,,
BR0319,,,,,,,,Checker Motors,,,,
BR0329,,,,,,,,Chevrolet Motors,,,,
BR0339,,,,,,,,Chevrolet India Motors,,,,
BR0349,,,,,,,,Chrysler Motors,,,,
BR0359,,,,,,,,Chrysler Europe Motors,,,,
BR0369,,,,,,,,Citroën Motors,,,,
BR0379,,,,,,,,Cizeta-Moroder Motors,,,,
BR0389,,,,,,,,Dacia Motors,,,,
BR0399,,,,,,,,"Daewoo, Saehan, Chevrolet Korea Motors",,,,
BR0409,,,,,,,,DAF Motors,,,,
BR0419,,,,,,,,Daihatsu Motors,,,,
BR0429,,,,,,,,Daimler Motors,,,,
BR0439,,,,,,,,Datsun Motors,,,,
BR0449,,,,,,,,Delahaye Motors,,,,
BR0459,,,,,,,,DeLorean Motors,,,,
BR0469,,,,,,,,DeSoto Motors,,,,
BR0479,,,,,,,,De Tomaso Motors,,,,
BR0489,,,,,,,,Dodge Motors,,,,
BR0499,,,,,,,,Donkervoort Motors,,,,
BR0509,,,,,,,,Edsel Motors,,,,
BR0519,,,,,,,,e.GO Mobile Motors,,,,
BR0529,,,,,,,,Eicher Polaris Motors,,,,
BR0539,,,,,,,,Elva Motors,,,,
BR0549,,,,,,,,Facel Vega Motors,,,,
BR0559,,,,,,,,Ferrari Motors,,,,
BR0569,,,,,,,,Fiat Motors,,,,
BR0579,,,,,,,,Fiat do Brasil Motors,,,,
BR0589,,,,,,,,Fiat India Motors,,,,
BR0599,,,,,,,,"Fisker, Karma Motors",,,,
BR0609,,,,,,,,Ford America Motors,,,,
BR0619,,,,,,,,Ford Australia Motors,,,,
BR0629,,,,,,,,Ford do Brasil Motors,,,,
BR0639,,,,,,,,Ford Europe Motors,,,,
BR0649,,,,,,,,Ford India Motors,,,,
BR0659,,,,,,,,Freightliner Motors,,,,
BR0669,,,,,,,,FSO Motors,,,,
BR0679,,,,,,,,GAZ Motors,,,,
BR0689,,,,,,,,Geo Motors,,,,
BR0699,,,,,,,,Gilbern Motors,,,,
BR0709,,,,,,,,Ginetta Motors,,,,
BR0719,,,,,,,,Glas Motors,,,,
BR0729,,,,,,,,GMC Motors,,,,
BR0739,,,,,,,,GTA Spano Motors,,,,
BR0749,,,,,,,,Gumpert Motors,,,,
BR0759,,,,,,,,Healey Motors,,,,
BR0769,,,,,,,,Heinkel Motors,,,,
BR0779,,,,,,,,Hennessey Motors,,,,
BR0789,,,,,,,,Hillman Motors,,,,
BR0799,,,,,,,,Hindustan Motors,,,,
BR0809,,,,,,,,Holden Motors,,,,
BR0819,,,,,,,,Honda Motors,,,,
BR0829,,,,,,,,Honda India Motors,,,,
BR0839,,,,,,,,Hudson Motors,,,,
BR0849,,,,,,,,Humber Motors,,,,
BR0859,,,,,,,,Hummer Motors,,,,
BR0869,,,,,,,,Hyundai Motors,,,,
BR0879,,,,,,,,"IFA (including Trabant, Wartburg, Barkas) Motors",,,,
BR0889,,,,,,,,Infiniti Motors,,,,
BR0899,,,,,,,,Innocenti Motors,,,,
BR0909,,,,,,,,Invicta Motors,,,,
BR0919,,,,,,,,Isdera Motors,,,,
BR0929,,,,,,,,Iso Motors,,,,
BR0939,,,,,,,,Isotta Fraschini Motors,,,,
BR0949,,,,,,,,Isuzu Motors,,,,
BR0959,,,,,,,,Iveco Motors,,,,
BR0969,,,,,,,,Jaguar Motors,,,,
BR0979,,,,,,,,Jeep Motors,,,,
BR0989,,,,,,,,Jensen Motors,,,,
BR0999,,,,,,,,JPX Motors,,,,
BR1009,,,,,,,,Kia Motors,,,,
BR1019,,,,,,,,Koenigsegg Motors,,,,
BR1029,,,,,,,,KTM Motors,,,,
BR1039,,,,,,,,Lada Motors,,,,
BR1049,,,,,,,,Lamborghini Motors,,,,
BR1059,,,,,,,,Lancia Motors,,,,
BR1069,,,,,,,,Land Rover Motors,,,,
BR1079,,,,,,,,Lexus Motors,,,,
BR1089,,,,,,,,Ligier Motors,,,,
BR1099,,,,,,,,Lincoln Motors,,,,
BR1109,,,,,,,,Lotus Motors,,,,
BR1119,,,,,,,,LTI Motors,,,,
BR1129,,,,,,,,LuAZ Motors,,,,
BR1139,,,,,,,,Lynx Motors,,,,
BR1149,,,,,,,,Mahindra Motors,,,,
BR1159,,,,,,,,Marcos Motors,,,,
BR1169,,,,,,,,Marlin Motors,,,,
BR1179,,,,,,,,Maruti Motors,,,,
BR1189,,,,,,,,Maserati Motors,,,,
BR1199,,,,,,,,Mastretta Motors,,,,
BR1209,,,,,,,,"Matra (including Deutsch-Bonnet, René Bonnet) Motors",,,,
BR1219,,,,,,,,Mazda Motors,,,,
BR1229,,,,,,,,Mazzanti Motors,,,,
BR1239,,,,,,,,McLaren Motors,,,,
BR1249,,,,,,,,Mercedes-Benz (including Maybach) Motors,,,,
BR1259,,,,,,,,Mercury Motors,,,,
BR1269,,,,,,,,Merkur Motors,,,,
BR1279,,,,,,,,Messerschmitt Motors,,,,
BR1289,,,,,,,,Mia Motors,,,,
BR1299,,,,,,,,Micro Motors,,,,
BR1309,,,,,,,,Mini Motors,,,,
BR1319,,,,,,,,Mitsubishi Motors,,,,
BR1329,,,,,,,,Monica Motors,,,,
BR1339,,,,,,,,Monteverdi Motors,,,,
BR1349,,,,,,,,Morgan Motors,,,,
BR1359,,,,,,,,Moskwitch Motors,,,,
BR1369,,,,,,,,Nash Motors,,,,
BR1379,,,,,,,,Naza Motors,,,,
BR1389,,,,,,,,Nissan Motors,,,,
BR1399,,,,,,,,Nissan India Motors,,,,
BR1409,,,,,,,,Noble Motors,,,,
BR1419,,,,,,,,NSU Motors,,,,
BR1429,,,,,,,,Oldsmobile Motors,,,,
BR1439,,,,,,,,Oltcit Motors,,,,
BR1449,,,,,,,,Opel Motors,,,,
BR1459,,,,,,,,Packard Motors,,,,
BR1469,,,,,,,,Pagani Motors,,,,
BR1479,,,,,,,,Panhard Motors,,,,
BR1489,,,,,,,,Panoz Motors,,,,
BR1499,,,,,,,,Panther Motors,,,,
BR1509,,,,,,,,Peel Motors,,,,
BR1519,,,,,,,,Perodua Motors,,,,
BR1529,,,,,,,,Peugeot Motors,,,,
BR1539,,,,,,,,PGO Motors,,,,
BR1549,,,,,,,,Piaggio Motors,,,,
BR1559,,,,,,,,Plymouth Motors,,,,
BR1569,,,,,,,,Polestar Motors,,,,
BR1579,,,,,,,,"Pontiac, Asüna Motors",,,,
BR1589,,,,,,,,Porsche Motors,,,,
BR1599,,,,,,,,Premier Motors,,,,
BR1609,,,,,,,,Proton Motors,,,,
BR1619,,,,,,,,Puma Motors,,,,
BR1629,,,,,,,,Ranger Motors,,,,
BR1639,,,,,,,,Reliant Motors,,,,
BR1649,,,,,,,,Renault Motors,,,,
BR1659,,,,,,,,Rivian Motors,,,,
BR1669,,,,,,,,Rolls-Royce Motors,,,,
BR1679,,,,,,,,Saab Motors,,,,
BR1689,,,,,,,,SAIC Motor Motors,,,,
BR1699,,,,,,,,Saleen Motors,,,,
BR1709,,,,,,,,Samsung Motors,,,,
BR1719,,,,,,,,San Motors,,,,
BR1729,,,,,,,,Santa Matilde Motors,,,,
BR1739,,,,,,,,Santana Motors,,,,
BR1749,,,,,,,,Saturn Motors,,,,
BR1759,,,,,,,,Scion Motors,,,,
BR1769,,,,,,,,Seat Motors,,,,
BR1779,,,,,,,,Shelby SuperCars Motors,,,,
BR1789,,,,,,,,Simca Motors,,,,
BR1799,,,,,,,,Simca do Brasil Motors,,,,
BR1809,,,,,,,,Singer Motors,,,,
BR1819,,,,,,,,Skoda Motors,,,,
BR1829,,,,,,,,Smart Motors,,,,
BR1839,,,,,,,,Spyker Motors,,,,
BR1849,,,,,,,,SsangYong Motors,,,,
BR1859,,,,,,,,Standard-Triumph Motors,,,,
BR1869,,,,,,,,Studebaker Motors,,,,
BR1879,,,,,,,,Subaru Motors,,,,
BR1889,,,,,,,,Sunbeam Motors,,,,
BR1899,,,,,,,,Suzuki Motors,,,,
BR1909,,,,,,,,Tata Motors,,,,
BR1919,,,,,,,,Tatra Motors,,,,
BR1929,,,,,,,,Tazzari Motors,,,,
BR1939,,,,,,,,Tesla Motors,,,,
BR1949,,,,,,,,Tornado Motors,,,,
BR1959,,,,,,,,Toyota Motors,,,,
BR1969,,,,,,,,Toyota India Motors,,,,
BR1979,,,,,,,,Turner Motors,,,,
BR1989,,,,,,,,TVR Motors,,,,
BR1999,,,,,,,,UAZ Motors,,,,
BR2009,,,,,,,,Vauxhall Motors,,,,
BR2019,,,,,,,,Venturi Motors,,,,
BR2029,,,,,,,,Volkswagen Motors,,,,
BR2039,,,,,,,,Volkswagen do Brasil Motors,,,,
BR2049,,,,,,,,Volkswagen South Africa Motors,,,,
BR2059,,,,,,,,Volvo Motors,,,,
BR2069,,,,,,,,Westfield Motors,,,,
BR2079,,,,,,,,Wiesmann Motors,,,,
BR2089,,,,,,,,Zastava Motors,,,,
BR2099,,,,,,,,ZAZ Motors,,,,
BR2109,,,,,,,,ZIL Motors,,,,
BR2119,,,,,,,,Audi Motors,,,,
BR2129,,,,,,,,DKW Motors,,,,
BR2139,,,,,,,,Horch Motors,,,,
BR2149,,,,,,,,Wanderer Motors,,,,
BR2159,,,,,,,,Maybach  Motors,,,,
BR2169,,,,,,,,Izh  Motors,,,,
BR2179,,,,,,,,Lagonda  Motors,,,,
BR2189,,,,,,,,MG  Motors,,,,
BR2199,,,,,,,,Morris  Motors,,,,
BR2209,,,,,,,,Austin  Motors,,,,
BR2219,,,,,,,,Riley  Motors,,,,
BR2229,,,,,,,,Wolseley  Motors,,,,
BR2239,,,,,,,,Standard  Motors,,,,
BR2249,,,,,,,,Talbot  Motors,,,,
BR2259,,,,,,,,Das Motors,,,,
BR2269,,,,,,,,Ramani Motors,,,,
BR2279,,,,,,,,Deccan Motors,,,,
BR2289,,,,,,,,Herald Motors,,,,
BR2299,,,,,,,,Zion Automobils,,,,
BR2309,,,,,,,,Atlantic Motor Company,,,,
BR2319,,,,,,,,2008 NRHP-listed,,,,
BR2329,,,,,,,,Blankinship Motor Company Building,,,,
BR2339,,,,,,,,Bohn Motor Company Automobile Dealership,,,,
BR2349,,,,,,,,Buick Automobile Company Building,,,,
BR2359,,,,,,,,Cadillac Automobile Company Building,,,,
BR2369,,,,,,,,Casa de cadillac,,,,
BR2379,,,,,,,,Cass Motor Sales,,,,
BR2389,,,,,,,,Claremore Auto Dealership,,,,
BR2399,,,,,,,,Clemens Automobile Company Building,,,,
BR2409,,,,,,,,Colman Automotive Building,,,,
BR2419,,,,,,,,H Street Playhouse,,,,
BR2429,,,,,,,,Howard Motor Company Building,,,,
BR2439,,,,,,,,Hupmobile Building,,,,
BR2449,,,,,,,,Jennings Ford Automobile Dealership,,,,
BR2459,,,,,,,,Jones Motor Company,,,,
BR2469,,,,,,,,Kindel Building,,,,
BR0010,,,,,,,,AC Cars Motors,,,,
BR0020,,,,,,,,Acura Motors,,,,
BR0030,,,,,,,,Aixam-Mega (including Arola) Motors,,,,
BR0040,,,,,,,,Alfa Romeo Motors,,,,
BR0050,,,,,,,,Alpine Motors,,,,
BR0060,,,,,,,,Alvis Motors,,,,
BR0070,,,,,,,,"AMC, Eagle Motors",,,,
BR0080,,,,,,,,Anadol Motors,,,,
BR0090,,,,,,,,Ariel Motors,,,,
BR0100,,,,,,,,ARO Motors,,,,
BR0110,,,,,,,,Artega Motors,,,,
BR0120,,,,,,,,Asia Motors Motors,,,,
BR0130,,,,,,,,Aston Martin Motors,,,,
BR0140,,,,,,,,Audi Motors,,,,
BR0150,,,,,,,,Autobianchi Motors,,,,
BR0160,,,,,,,,Auto-Union Motors,,,,
BR0170,,,,,,,,Auverland Motors,,,,
BR0180,,,,,,,,Bentley Motors,,,,
BR0190,,,,,,,,Bitter Motors,,,,
BR0200,,,,,,,,BMW Motors,,,,
BR0210,,,,,,,,Bond Motors,,,,
BR0220,,,,,,,,Borgward (including Goliath and Lloyd) Motors,,,,
BR0230,,,,,,,,Bristol Motors,,,,
BR0240,,,,,,,,British Leyland Motors,,,,
BR0250,,,,,,,,Austin-Healey Motors,,,,
BR0260,,,,,,,,"Austin, Rover Motors",,,,
BR0270,,,,,,,,Bugatti Motors,,,,
BR0280,,,,,,,,Buick Motors,,,,
BR0290,,,,,,,,Bytom Motors,,,,
BR0300,,,,,,,,Cadillac Motors,,,,
BR0310,,,,,,,,Caterham Motors,,,,
BR0320,,,,,,,,Checker Motors,,,,
BR0330,,,,,,,,Chevrolet Motors,,,,
BR0340,,,,,,,,Chevrolet India Motors,,,,
BR0350,,,,,,,,Chrysler Motors,,,,
BR0360,,,,,,,,Chrysler Europe Motors,,,,
BR0370,,,,,,,,Citroën Motors,,,,
BR0380,,,,,,,,Cizeta-Moroder Motors,,,,
BR0390,,,,,,,,Dacia Motors,,,,
BR0400,,,,,,,,"Daewoo, Saehan, Chevrolet Korea Motors",,,,
BR0410,,,,,,,,DAF Motors,,,,
BR0420,,,,,,,,Daihatsu Motors,,,,
BR0430,,,,,,,,Daimler Motors,,,,
BR0440,,,,,,,,Datsun Motors,,,,
BR0450,,,,,,,,Delahaye Motors,,,,
BR0460,,,,,,,,DeLorean Motors,,,,
BR0470,,,,,,,,DeSoto Motors,,,,
BR0480,,,,,,,,De Tomaso Motors,,,,
BR0490,,,,,,,,Dodge Motors,,,,
BR0500,,,,,,,,Donkervoort Motors,,,,
BR0510,,,,,,,,Edsel Motors,,,,
BR0520,,,,,,,,e.GO Mobile Motors,,,,
BR0530,,,,,,,,Eicher Polaris Motors,,,,
BR0540,,,,,,,,Elva Motors,,,,
BR0550,,,,,,,,Facel Vega Motors,,,,
BR0560,,,,,,,,Ferrari Motors,,,,
BR0570,,,,,,,,Fiat Motors,,,,
BR0580,,,,,,,,Fiat do Brasil Motors,,,,
BR0590,,,,,,,,Fiat India Motors,,,,
BR0600,,,,,,,,"Fisker, Karma Motors",,,,
BR0610,,,,,,,,Ford America Motors,,,,
BR0620,,,,,,,,Ford Australia Motors,,,,
BR0630,,,,,,,,Ford do Brasil Motors,,,,
BR0640,,,,,,,,Ford Europe Motors,,,,
BR0650,,,,,,,,Ford India Motors,,,,
BR0660,,,,,,,,Freightliner Motors,,,,
BR0670,,,,,,,,FSO Motors,,,,
BR0680,,,,,,,,GAZ Motors,,,,
BR0690,,,,,,,,Geo Motors,,,,
BR0700,,,,,,,,Gilbern Motors,,,,
BR0710,,,,,,,,Ginetta Motors,,,,
BR0720,,,,,,,,Glas Motors,,,,
BR0730,,,,,,,,GMC Motors,,,,
BR0740,,,,,,,,GTA Spano Motors,,,,
BR0750,,,,,,,,Gumpert Motors,,,,
BR0760,,,,,,,,Healey Motors,,,,
BR0770,,,,,,,,Heinkel Motors,,,,
BR0780,,,,,,,,Hennessey Motors,,,,
BR0790,,,,,,,,Hillman Motors,,,,
BR0800,,,,,,,,Hindustan Motors,,,,
BR0810,,,,,,,,Holden Motors,,,,
BR0820,,,,,,,,Honda Motors,,,,
BR0830,,,,,,,,Honda India Motors,,,,
BR0840,,,,,,,,Hudson Motors,,,,
BR0850,,,,,,,,Humber Motors,,,,
BR0860,,,,,,,,Hummer Motors,,,,
BR0870,,,,,,,,Hyundai Motors,,,,
BR0880,,,,,,,,"IFA (including Trabant, Wartburg, Barkas) Motors",,,,
BR0890,,,,,,,,Infiniti Motors,,,,
BR0900,,,,,,,,Innocenti Motors,,,,
BR0910,,,,,,,,Invicta Motors,,,,
BR0920,,,,,,,,Isdera Motors,,,,
BR0930,,,,,,,,Iso Motors,,,,
BR0940,,,,,,,,Isotta Fraschini Motors,,,,
BR0950,,,,,,,,Isuzu Motors,,,,
BR0960,,,,,,,,Iveco Motors,,,,
BR0970,,,,,,,,Jaguar Motors,,,,
BR0980,,,,,,,,Jeep Motors,,,,
BR0990,,,,,,,,Jensen Motors,,,,
BR1000,,,,,,,,JPX Motors,,,,
BR1010,,,,,,,,Kia Motors,,,,
BR1020,,,,,,,,Koenigsegg Motors,,,,
BR1030,,,,,,,,KTM Motors,,,,
BR1040,,,,,,,,Lada Motors,,,,
BR1050,,,,,,,,Lamborghini Motors,,,,
BR1060,,,,,,,,Lancia Motors,,,,
BR1070,,,,,,,,Land Rover Motors,,,,
BR1080,,,,,,,,Lexus Motors,,,,
BR1090,,,,,,,,Ligier Motors,,,,
BR1100,,,,,,,,Lincoln Motors,,,,
BR1110,,,,,,,,Lotus Motors,,,,
BR1120,,,,,,,,LTI Motors,,,,
BR1130,,,,,,,,LuAZ Motors,,,,
BR1140,,,,,,,,Lynx Motors,,,,
BR1150,,,,,,,,Mahindra Motors,,,,
BR1160,,,,,,,,Marcos Motors,,,,
BR1170,,,,,,,,Marlin Motors,,,,
BR1180,,,,,,,,Maruti Motors,,,,
BR1190,,,,,,,,Maserati Motors,,,,
BR1200,,,,,,,,Mastretta Motors,,,,
BR1210,,,,,,,,"Matra (including Deutsch-Bonnet, René Bonnet) Motors",,,,
BR1220,,,,,,,,Mazda Motors,,,,
BR1230,,,,,,,,Mazzanti Motors,,,,
BR1240,,,,,,,,McLaren Motors,,,,
BR1250,,,,,,,,Mercedes-Benz (including Maybach) Motors,,,,
BR1260,,,,,,,,Mercury Motors,,,,
BR1270,,,,,,,,Merkur Motors,,,,
BR1280,,,,,,,,Messerschmitt Motors,,,,
BR1290,,,,,,,,Mia Motors,,,,
BR1300,,,,,,,,Micro Motors,,,,
BR1310,,,,,,,,Mini Motors,,,,
BR1320,,,,,,,,Mitsubishi Motors,,,,
BR1330,,,,,,,,Monica Motors,,,,
BR1340,,,,,,,,Monteverdi Motors,,,,
BR1350,,,,,,,,Morgan Motors,,,,
BR1360,,,,,,,,Moskwitch Motors,,,,
BR1370,,,,,,,,Nash Motors,,,,
BR1380,,,,,,,,Naza Motors,,,,
BR1390,,,,,,,,Nissan Motors,,,,
BR1400,,,,,,,,Nissan India Motors,,,,
BR1410,,,,,,,,Noble Motors,,,,
BR1420,,,,,,,,NSU Motors,,,,
BR1430,,,,,,,,Oldsmobile Motors,,,,
BR1440,,,,,,,,Oltcit Motors,,,,
BR1450,,,,,,,,Opel Motors,,,,
BR1460,,,,,,,,Packard Motors,,,,
BR1470,,,,,,,,Pagani Motors,,,,
BR1480,,,,,,,,Panhard Motors,,,,
BR1490,,,,,,,,Panoz Motors,,,,
BR1500,,,,,,,,Panther Motors,,,,
BR1510,,,,,,,,Peel Motors,,,,
BR1520,,,,,,,,Perodua Motors,,,,
BR1530,,,,,,,,Peugeot Motors,,,,
BR1540,,,,,,,,PGO Motors,,,,
BR1550,,,,,,,,Piaggio Motors,,,,
BR1560,,,,,,,,Plymouth Motors,,,,
BR1570,,,,,,,,Polestar Motors,,,,
BR1580,,,,,,,,"Pontiac, Asüna Motors",,,,
BR1590,,,,,,,,Porsche Motors,,,,
BR1600,,,,,,,,Premier Motors,,,,
BR1610,,,,,,,,Proton Motors,,,,
BR1620,,,,,,,,Puma Motors,,,,
BR1630,,,,,,,,Ranger Motors,,,,
BR1640,,,,,,,,Reliant Motors,,,,
BR1650,,,,,,,,Renault Motors,,,,
BR1660,,,,,,,,Rivian Motors,,,,
BR1670,,,,,,,,Rolls-Royce Motors,,,,
BR1680,,,,,,,,Saab Motors,,,,
BR1690,,,,,,,,SAIC Motor Motors,,,,
BR1700,,,,,,,,Saleen Motors,,,,
BR1710,,,,,,,,Samsung Motors,,,,
BR1720,,,,,,,,San Motors,,,,
BR1730,,,,,,,,Santa Matilde Motors,,,,
BR1740,,,,,,,,Santana Motors,,,,
BR1750,,,,,,,,Saturn Motors,,,,
BR1760,,,,,,,,Scion Motors,,,,
BR1770,,,,,,,,Seat Motors,,,,
BR1780,,,,,,,,Shelby SuperCars Motors,,,,
BR1790,,,,,,,,Simca Motors,,,,
BR1800,,,,,,,,Simca do Brasil Motors,,,,
BR1810,,,,,,,,Singer Motors,,,,
BR1820,,,,,,,,Skoda Motors,,,,
BR1830,,,,,,,,Smart Motors,,,,
BR1840,,,,,,,,Spyker Motors,,,,
BR1850,,,,,,,,SsangYong Motors,,,,
BR1860,,,,,,,,Standard-Triumph Motors,,,,
BR1870,,,,,,,,Studebaker Motors,,,,
BR1880,,,,,,,,Subaru Motors,,,,
BR1890,,,,,,,,Sunbeam Motors,,,,
BR1900,,,,,,,,Suzuki Motors,,,,
BR1910,,,,,,,,Tata Motors,,,,
BR1920,,,,,,,,Tatra Motors,,,,
BR1930,,,,,,,,Tazzari Motors,,,,
BR1940,,,,,,,,Tesla Motors,,,,
BR1950,,,,,,,,Tornado Motors,,,,
BR1960,,,,,,,,Toyota Motors,,,,
BR1970,,,,,,,,Toyota India Motors,,,,
BR1980,,,,,,,,Turner Motors,,,,
BR1990,,,,,,,,TVR Motors,,,,
BR2000,,,,,,,,UAZ Motors,,,,
BR2010,,,,,,,,Vauxhall Motors,,,,
BR2020,,,,,,,,Venturi Motors,,,,
BR2030,,,,,,,,Volkswagen Motors,,,,
BR2040,,,,,,,,Volkswagen do Brasil Motors,,,,
BR2050,,,,,,,,Volkswagen South Africa Motors,,,,
BR2060,,,,,,,,Volvo Motors,,,,
BR2070,,,,,,,,Westfield Motors,,,,
BR2080,,,,,,,,Wiesmann Motors,,,,
BR2090,,,,,,,,Zastava Motors,,,,
BR2100,,,,,,,,ZAZ Motors,,,,
BR2110,,,,,,,,ZIL Motors,,,,
BR2120,,,,,,,,Audi Motors,,,,
BR2130,,,,,,,,DKW Motors,,,,
BR2140,,,,,,,,Horch Motors,,,,
BR2150,,,,,,,,Wanderer Motors,,,,
BR2160,,,,,,,,Maybach  Motors,,,,
BR2170,,,,,,,,Izh  Motors,,,,
BR2180,,,,,,,,Lagonda  Motors,,,,
BR2190,,,,,,,,MG  Motors,,,,
BR2200,,,,,,,,Morris  Motors,,,,
BR2210,,,,,,,,Austin  Motors,,,,
BR2220,,,,,,,,Riley  Motors,,,,
BR2230,,,,,,,,Wolseley  Motors,,,,
BR2240,,,,,,,,Standard  Motors,,,,
BR2250,,,,,,,,Talbot  Motors,,,,
BR2260,,,,,,,,Das Motors,,,,
BR2270,,,,,,,,Ramani Motors,,,,
BR2280,,,,,,,,Deccan Motors,,,,
BR2290,,,,,,,,Herald Motors,,,,
BR2300,,,,,,,,Zion Automobils,,,,
BR2310,,,,,,,,Atlantic Motor Company,,,,
BR2320,,,,,,,,2008 NRHP-listed,,,,
BR2330,,,,,,,,Blankinship Motor Company Building,,,,
BR2340,,,,,,,,Bohn Motor Company Automobile Dealership,,,,
BR2350,,,,,,,,Buick Automobile Company Building,,,,
BR2360,,,,,,,,Cadillac Automobile Company Building,,,,
BR2370,,,,,,,,Casa de cadillac,,,,
BR2380,,,,,,,,Cass Motor Sales,,,,
BR2390,,,,,,,,Claremore Auto Dealership,,,,
BR2400,,,,,,,,Clemens Automobile Company Building,,,,
BR2410,,,,,,,,Colman Automotive Building,,,,
BR2420,,,,,,,,H Street Playhouse,,,,
BR2430,,,,,,,,Howard Motor Company Building,,,,
BR2440,,,,,,,,Hupmobile Building,,,,
BR2450,,,,,,,,Jennings Ford Automobile Dealership,,,,
BR2460,,,,,,,,Jones Motor Company,,,,
BR2470,,,,,,,,Kindel Building,,,,
